3074 4980
763 231 781 296 7

666 307 877 316 -—-—-..-

583 426 615 530 Ι.
672 427 757 532 De
794 427 962 566 tropis,

226 697 374 794 Tropus
394 723 417 770 a
436 698 657 790 Quintiliano
686 699 776 790 VIII,
799 706 855 790 6‚1
880 701 932 774 ita
958 701 1139 774 definitur:
1179 701 1328 797 Tropus
1358 718 1416 775 est

117 824 221 896 verbi
256 827 314 898 vel
350 828 530 900 sermonis
566 854 588 901 a
623 829 774 925 propria
811 829 1078 924 significatione
1112 837 1146 901 In
1184 827 1293 902 aliam
1334 854 1414 903 cum

117 952 252 1026 virtute
289 954 449 1060 mutatio.
515 953 645 1029 Melius
681 957 867 1030 Charisius
896 957 997 1032 dicit:
1038 957 1187 1053 Tropus
1216 972 1275 1029 est
1301 956 1413 1030 dictio

117 1080 296 1155 translata
323 1083 473 1179 propria
489 1084 751 1178 significatione
780 1084 828 1156 ad
848 1109 921 1157 non
939 1085 1126 1182 propriam
1145 1083 1430 1158 similitudinem·

116 1209 398 1282 necessitudinis
436 1227 499 1284 aut
532 1210 646 1285 cultus
684 1213 814 1307 gratia.
882 1213 1096 1286 Cornificius
1134 1228 1172 1284 et
1207 1230 1336 1309 tropos
1374 1230 1415 1287 et

116 1338 254 1435 figuras
274 1339 604 1413 exornationes
632 1338 796 1437 appellat
814 1336 880 1440 (ad
894 1342 1064 1414 Herenn.
1083 1340 1143 1426 IV,
1169 1339 1305 1443 13,18),
1332 1367 1414 1413 cum

121 1467 258 1539 Cicero
279 1482 407 1563 tropos
427 1493 450 1540 a
468 1467 592 1564 figuris
612 1468 820 1566 distinguat.
862 1467 977 1570 (Brut.
998 1477 1091 1560 17,6.
1116 1469 1256 1542 Orator
1275 1467 1413 1568 2481).
1440 1553 1443 1557 ¹

223 1595 284 1666 De.
312 1621 461 1669 numero
491 1622 634 1692 genere
662 1596 792 1692 specie
829 1613 1020 1693 troporum
1056 1613 1205 1670 veteres
1232 1622 1413 1694 gramma-

116 1721 178 1795 tici
215 1720 326 1797 valde
367 1725 461 1797 inter
498 1751 539 1798 se
587 1724 814 1799 dissentiunt.
884 1722 1124 1818 Quintilianus
1173 1725 1320 1798 uberius
1361 1726 1411 1799 de

117 1853 412 1946 quattuordecim
445 1852 659 1948 disputavit,
689 1851 737 1926 de
766 1854 1003 1949 metaphora,
1033 1854 1292 1951 synecdoche,
1322 1871 1410 1928 met·

118 1979 280 2075 onymia,
321 1981 592 2066 antonomasia,
630 1981 929 2077 onomatopoeia,
959 1983 1173 2068 catachresi,
1202 1981 1410 2078 metalepsi,

119 2108 296 2204 epitheto,
325 2109 511 2204 allegoria,
541 2110 760 2204 aenigmate,
787 2109 918 2199 ironia,
947 2111 1163 2206 periphrasi,
1189 2110 1409 2207 hyperbat0,
1480 2093 1488 2110 ’

115 2236 334 2334 hyperbole.
376 2239 539 2310 Eosdem
558 2238 637 2310 fere
659 2237 845 2311 Charisius
873 2239 1033 2335 praebet
1051 2238 1178 2312 addita
1204 2240 1410 2314 homoeosi.

117 2366 274 2461 Trypho
295 2382 422 2439 contra
443 2364 634 2438 XXXVIII
654 2366 824 2456 nominat,
847 2393 956 2463 quem
975 2393 1160 2440 numerum
1180 2369 1410 2463 posteriores

116 2511 306 2567 auxerunt.
362 2494 441 2567 Sed
468 2493 504 2566 hi
520 2471 644 2566 'multa
670 2518 740 2590 pro
767 2495 883 2591 tropis
909 2495 1117 2568 habuerunt
1145 2520 1241 2591 quae
1275 2493 1332 2569 vel
1361 2498 1410 2569 ad

114 2621 251 2717 figuras
288 2623 474 2717 pertinent
506 2621 570 2696 vel
607 2622 756 2696 omnino
792 2624 886 2697 inter
928 2640 1059 2720 tropos
1102 2624 1286 2722 figurasve
1334 2648 1409 2698 non

94 2767 199 2823 sunt
227 2753 461 2823 numeranda.
515 2750 691 2863 Ordinem
720 2777 920 2848 sequemur
947 2749 1058 2848 quem
1092 2752 1333 2845 Quintilianus
1360 2753 1408 2825 in-

114 2880 239 2952 stituit.
309 2882 479 2952 Putamus
517 2896 640 2954 autem
684 2879 920 2976 hyperbaton
958 2880 1062 2976 quod
1094 2881 1153 2953 ille
1190 2905 1258 2977 pro
1295 2896 1406 2976 tropo

113 3008 240 3081 habuit
267 3006 395 3081 melius
422 3008 516 3081 inter
529 3009 666 3106 figuras
687 3010 883 3081 verborum
911 3010 1092 3093 numerari
1115 3009 1164 3082 de
1188 3033 1261 3105 quo
1276 3025 1410 3105 postea

115 3136 292 3210 dicemus

222 3262 350 3360 Atque
378 3265 554 3361 princeps
581 3281 711 3361 tropus
737 3281 798 3338 est

371 3566 400 3615 1.
457 3542 752 3615 Translatio
793 3541 871 3615 vel
911 3543 1170 3638 μεταφοραί.
1278 3547 1280 3550 ’

223 3755 345 3846 Quint.
389 3756 481 3842 VIII,
499 3765 584 3848 6,4:
642 3756 856 3853 Incipiamus
897 3756 1006 3851 igitur
1048 3759 1094 3828 ab
1138 3781 1185 3829 eo
1228 3757 1289 3852 qui
1328 3783 1410 3829 cum

117 3883 431 3980 frequentissimus
474 3901 531 3957 est
572 3903 647 3958 tum
688 3883 802 3982 longe
845 3884 1128 3981 pulcherrimus,
1171 3884 1410 3958 translatione

118 4011 215 4101 dico,
245 4037 342 4107 quae
361 4012 548 4107 μεταφορὰ
569 4010 714 4087 Graece
744 4030 910 4084 vocatur.
953 4011 1061 4104 Quae
1092 4012 1238 4107 quidem
1260 4013 1411 4085 comita

118 4156 176 4213 est
202 4140 249 4211 ab
284 4140 367 4236 ipsa
401 4138 506 4212 nobis
538 4165 717 4212 concessa
752 4155 891 4228 natura,
926 4155 966 4211 ut
1001 4138 1138 4213 indocti
1177 4164 1326 4234 quoque
1367 4165 1410 4212 ac
1490 4208 1493 4215 .

118 4294 190 4342 non
218 4268 421 4340 sentientes
449 4293 495 4340 ea
523 4267 738 4363 frequenter
765 4284 923 4340 utantur:
953 4285 1028 4340 tum
1043 4267 1093 4339 ita
1121 4267 1277 4338 iucunda
1298 4282 1410 4362 atque

118 4397 231 4476 nitida
257 4413 296 4470 ut
323 4397 541 4478 irroratione
569 4393 789 4494 quamlibet
816 4393 925 4487 clara,
954 4396 1107 4504 proprio
1137 4412 1258 4479 tamen
1279 4393 1409 4480 lumine
1464 4395 1472 4409 ⁹
