3074 4980
112 458 162 531 iis
193 482 285 531 non
315 484 409 531 usus
437 470 505 529 est
560 456 689 553 ltaque
703 456 752 529 ad
771 480 839 527 eas
858 454 995 551 figuras
1017 448 1230 523 tractandas
1256 448 1449 521 transimus

119 612 233 684 quae
269 584 407 659 ordine
435 584 535 657 liunt.

312 856 344 905 c,
387 829 628 927 Figurae
671 854 806 925 quae
848 829 1042 901 ordine
1085 826 1235 899 liunt.

255 1024 520 1121 Quintilianus,
549 1041 589 1097 ut
616 1050 730 1120 supra
758 1024 922 1105 diximus,
951 1048 1021 1120 pro
1051 1024 1161 1097 tertio
1189 1049 1331 1118 genere
1361 1022 1449 1117 figu-

133 1182 270 1229 rarum
301 1153 567 1229 rhetoricarum
595 1178 662 1225 eas
690 1152 806 1225 habet
838 1178 935 1249 quae
972 1169 1033 1224 aut
1071 1152 1301 1225 similitudine
1330 1148 1453 1245 aliqua

136 1308 285 1357 vocum
314 1300 376 1355 aut
403 1279 553 1377 paribus
582 1298 646 1353 aut
673 1281 866 1353 contrariis
900 1298 1120 1353 convertunt
1148 1282 1180 1352 in
1209 1306 1251 1352 se
1279 1305 1387 1351 aures
1417 1294 1454 1350 et

140 1412 323 1486 excitant.
380 1408 489 1501 Quae
517 1408 716 1481 concitatio
756 1410 893 1481 aurium
925 1435 1033 1505 quum
1061 1407 1211 1505 pulchra
1241 1423 1344 1480 certe
1374 1432 1452 1477 ver-

142 1542 281 1613 borum
318 1535 563 1610 collocatione
597 1536 787 1621 efficiatur,
818 1562 889 1609 non
923 1538 1050 1609 dubito
1079 1538 1165 1632 quin
1194 1554 1350 1609 statuam
1383 1534 1454 1607 hoc

145 1692 273 1765 genus
307 1667 435 1738 ordine
471 1665 605 1737 sactum
641 1691 735 1737 esse.
793 1664 876 1736 Hoc
913 1664 998 1737 loco
1034 1667 1237 1761 praecipue
1266 1664 1452 1759 hyperba-

145 1814 216 1869 ton
245 1792 480 1866 tractandum
509 1793 696 1888 estquod
725 1791 967 1885 Quintilianus
994 1795 1090 1865 inter
1117 1812 1248 1888 tropos
1278 1810 1455 1867 numerat.

150 1922 328 2015 Quocum
358 1920 609 1993 Volkmannus
637 1921 706 1992 etsi
735 1922 932 2005 consentit,
960 1938 1084 1994 tamen
1112 1922 1347 2018 hyperbaton
1375 1946 1454 2015 pro·

152 2051 234 2147 prie
264 2048 419 2143 liguram
446 2048 642 2153 uerborum
680 2074 766 2121 esse
794 2051 975 2123 concedit.
1033 2050 1132 2124 Dicit
1167 2052 1262 2123 enim
1291 2048 1458 2141 Quintili-

154 2202 249 2249 anus
279 2200 428 2271 quoque
458 2174 548 2261 Vlll,
580 2180 686 2268 6,67:
731 2174 879 2275 Alioqui
908 2179 968 2251 ubi
998 2178 1080 2251 nihil
1111 2208 1158 2253 ex
1190 2177 1458 2277 significatione

154 2321 335 2377 mutatum
370 2319 432 2376 est
474 2320 513 2375 et
548 2320 728 2375 structura
763 2304 843 2376 sola
872 2324 1048 2391 mutatur,
1084 2308 1201 2404 figura
1229 2307 1351 2404 potius
1379 2336 1458 2383 ver-

155 2434 288 2504 borum
316 2430 386 2502 dici
412 2446 550 2525 potest,
579 2432 670 2503 sicut
697 2431 796 2505 multi
826 2436 1087 2511 existimarunt.

267 2558 302 2631 A
332 2558 582 2653 grammaticis
602 2559 741 2633 Latinis
761 2562 1031 2659 distinguuntur
1059 2585 1236 2664 quattuor
1262 2566 1461 2664 hyperbati

156 2712 317 2785 genera:
346 2685 598 2781 Anastropha,
629 2691 767 2778 tmesis,
798 2696 1044 2785 parenthesis,
1075 2696 1281 2792 synchysis

654 2974 688 3018 α.
731 2945 974 3048 Anastropha

162 3164 237 3212 non
267 3138 334 3210 nisi
362 3137 460 3233 apud
490 3138 565 3210 duo
603 3142 717 3213 verba
746 3145 944 3222 adhibetur
973 3154 1204 3252 maximeque
1233 3158 1333 3251 apud
1362 3184 1468 3253 prae-

162 3266 381 3364 positiones.
438 3266 500 3338 nd
538 3291 686 3362 2,1,74:
729 3272 860 3350 Limen
901 3281 950 3352 ad
987 3281 1104 3357 iratae
1141 3283 1258 3355 verba
1291 3285 1469 3382 pudenda

160 3419 300 3468 senem.
356 3392 456 3467 Ante
482 3402 618 3488 2,5,66.
649 3400 745 3473 Inter
765 3426 902 3498 4,1‚72.
932 3410 1058 3486 lnter
1089 3414 1265 3486 hocloco
1294 3440 1376 3488 cum
1406 3440 1469 3487 vo-

161 3522 265 3595 cibus
308 3523 480 3594 »rabidas
506 3526 647 3596 undas‹
691 3532 989 3632 coniungendum
1031 3558 1206 3636 totusque
1236 3567 1369 3615 versus
1399 3544 1470 3614 hoc

163 3650 279 3723 modo
303 3646 484 3746 legendus
504 3669 581 3725 est:
612 3653 703 3730 Cum
730 3662 881 3736 canibus
902 3669 1052 3743 rabidas
1073 3671 1168 3742 inter
1188 3668 1267 3742 lera
1296 3683 1470 3764 serperet

163 3778 293 3861 undas,
331 3800 428 3848 non:
469 3778 567 3850 lnter
601 3781 695 3855 freta
733 3790 907 3864 sorberet
943 3799 1074 3871 undas.
1106 3802 1273 3888 4,1‚165.
1317 3796 1472 3867 Praeter

165 3925 306 3995 4,13,3.
344 3903 500 3998 Propter
535 3916 669 4002 1‚6,57.
701 3918 762 4003 65.
800 3936 930 4011 1,7,25,
966 3930 1106 4015 2‚6,35.
1149 3922 1272 4018 Super
1299 3942 1468 4011 4,1,114.

172 4055 255 4122 134.
296 4030 334 4100 ln
369 4030 539 4104 oratione
573 4037 740 4130 pedestri
774 4047 1003 4139 anastropha
1037 4073 1186 4141 semper
1213 4047 1410 4120 adhibetur
1440 4046 1469 4115 si

170 4182 300 4230 ›cum‹
341 4158 569 4255 coniungitur
608 4188 689 4233 cum
725 4168 1003 4253 pronominibus
1036 4171 1292 4268 personalibus
1335 4187 1374 4241 et
1414 4194 1468 4241 re-

222 4282 269 4301 '‘
536 4286 700 4379 Tibullus
734 4283 830 4358 haec
866 4294 1032 4390 neglexit
1072 4322 1102 4380 2,
1112 4317 1224 4389 5,37:
1267 4298 1357 4368 Cum
1398 4320 1471 4388 qua
