3074 4980
232 471 300 543 Vix
329 471 377 543 ad
406 472 667 566 anastrophem
695 472 880 566 pertinere
901 489 1058 566 possunt
1094 495 1161 564 1,5,
1169 494 1228 563 51:
1260 472 1424 544 Volitent

126 597 268 670 circum.
302 600 442 690 2,5,98:
475 599 596 671 Stabit
718 616 814 671 ante.
845 624 994 693 4‚1,23:
1025 601 1280 696 pendentique
1298 626 1424 696 super,

121 750 334 821 quanquam
364 752 386 798 a
415 725 568 798 Donato
596 750 666 821 pro
695 727 919 822 anastropha
946 728 1187 801 habebantur.

657 1030 688 1111 β.
735 1024 894 1097 TmesiS.

226 1236 307 1308 Hac
337 1236 526 1309 notissima
557 1236 673 1334 figura
699 1236 866 1310 Tibullus
896 1262 972 1309 non
1000 1238 1066 1311 nisi
1093 1236 1208 1310 semel
1236 1264 1322 1309 usus
1350 1257 1421 1310 est.

127 1365 264 1453 r,3‚o8:
295 1363 417 1456 Quam
446 1365 581 1437 circum
611 1366 756 1437 flumina
785 1365 889 1461 nigra
917 1382 1062 1438 sonant.

606 1692 637 1755 γ.
681 1662 917 1736 Parenthesis

118 1878 288 1972 exempla
315 1877 478 1948 invenies
513 1895 653 1968 1,3‚27:
680 1876 794 1961 Nunc,
822 1877 905 1960 dea,
934 1901 1027 1946 nunc
1055 1901 1225 1948 succurre
1252 1875 1339 1947 mihi
1367 1919 1413 1928 -

117 2029 201 2076 nam
229 2027 346 2099 posse
376 2004 515 2074 mederi
541 2004 641 2097 picta
662 2003 775 2076 docet
793 2000 939 2097 templis
960 2005 1070 2074 multa
1101 2002 1241 2075 tabella
1269 2003 1340 2074 tuis
1368 2047 1417 2055 —-

118 2148 157 2202 ut
279 2135 423 2220 4,1,26:
454 2131 529 2202 Seu
556 2130 619 2201 tibi
645 2155 713 2226 par
739 2146 914 2225 poterunt
943 2156 1011 2202 seu
1039 2133 1141 2226 quod
1176 2157 1264 2225 spes
1294 2131 1419 2202 abnuit

118 2257 209 2331 ultra
238 2259 318 2331 sive
349 2259 464 2330 minus
493 2301 543 2310 -·
571 2275 747 2352 certeque
776 2274 911 2331 canent
940 2259 1055 2330 minus
1089 2303 1140 2310 -
1171 2283 1280 2329 omne
1309 2282 1417 2329 vove-

118 2411 196 2457 mus
224 2386 297 2458 hoc
325 2386 397 2457 tibi.

624 2578 653 2649 tl.
697 2543 918 2672 Synchysisr

226 2793 431 2865 Collocatio
459 2794 655 2865 verborum
688 2792 788 2886 apud
816 2788 998 2862 Tibullum
1034 2791 1069 2863 in
1101 2791 1309 2862 universum
1342 2816 1415 2862 non

118 2938 177 2993 est
205 2921 375 2995 obscura.
429 2921 576 2992 Tamen
603 2946 673 2992 non
694 2918 791 2992 nulla
813 2919 860 2992 de
882 2944 929 2991 ea
958 2919 1178 2991 disserenda
1207 2935 1300 2992 sunt.
1357 2919 1415 2991 Ac

116 3048 268 3143 primum
304 3049 452 3143 quidem
485 3064 524 3120 ut
559 3073 687 3120 omnes
722 3047 799 3119 lere
835 3047 1002 3119 eiusdem
1040 3047 1174 3119 aetatis
1212 3047 1414 3141 scriptores

115 3176 167 3246 ita
186 3175 350 3248 Tibullus
371 3200 520 3272 quoque
542 3175 667 3247 studet
686 3173 900 3269 particulam
929 3200 1012 3270 que
1044 3199 1125 3246 cum
1154 3175 1296 3246 verbo
1327 3197 1414 3246 con-

115 3303 282 3398 iungere.
313 3311 448 3393 1-‚1‚4'o:
486 3300 633 3390 Pocula,
664 3303 711 3374 de
738 3300 831 3374 facili
855 3302 1144 3397 composuitque
1167 3304 1251 3373 luto.
1282 3306 1413 3392 1,6,54.

123 3438 279 3520 1‚7,62.
327 3456 404 3518 ω,
417 3452 484 3523 51:
527 3431 562 3502 O
605 3447 779 3524 quantum
820 3445 879 3501 est
921 3431 998 3501 auri
1039 3431 1163 3524 potius
1206 3446 1413 3524 pereatque

115 3559 315 3653 smaragdi.
373 3559 466 3630 Nlira
501 3574 602 3630 certe
631 3574 689 3629 est
728 3555 924 3631 collocatio
968 3558 1052 3653 quia
1092 3582 1180 3652 que
1222 3556 1342 3628 ›auri‹
1376 3574 1417 3629 et

120 3686 349 3782 ›smaragdi‹
391 3687 484 3757 inter
525 3711 566 3756 se
606 3685 831 3782 coniungere
874 3686 999 3758 debet.
1056 3682 1225 3756 Similiter
1273 3690 1415 3775 1,3,56:

116 3811 329 3885 Messallam
359 3813 562 3885 tetradum
584 3813 823 3907 sequiturque
853 3815 953 3887 mari.
998 3813 1142 3885 Eadem
1169 3809 1414 3883 collocatione

115 3960 321 4013 commotus
341 3958 458 4035 poeta
479 3963 571 4030 1‚4,2
594 3937 778 4034 particulis
808 3967 862 4012 ne
894 4000 954 4014 ...
984 3965 1138 4035 neque
1167 3964 1237 4035 pro
1269 3964 1322 4010 ne
1355 3996 1415 4013 ...

114 4088 245 4136 neve
275 4090 361 4136 usus
388 4081 455 4137 est.
512 4066 728 4140 Geminatur
755 4094 853 4162 que
889 4093 958 4159 1,9,
974 4092 1035 4140 20:
1077 4068 1339 4162 Asperaquest
1368 4067 1416 4139 illi

115 4190 343 4288 difficilisque
371 4192 511 4268 Venus

219 4322 438 4394 Pronomina
463 4339 501 4394 et
515 4323 729 4419 particulae,
751 4324 881 4418 quibus
901 4324 1039 4419 primus
1054 4325 1088 4396 in
1104 4323 1289 4395 enuntiato
1309 4319 1414 4393 locus

114 4451 303 4533 convenit,
341 4452 557 4545 saepissime
594 4454 642 4525 ad
679 4451 833 4525 alterum
871 4450 932 4525 vel
974 4452 1119 4524 tertium
1161 4466 1414 4521 removentur.
