3074 4980
710 230 862 298 ιιι

79 456 224 528 4,],47ε
252 437 341 509 Tuis
374 437 513 533 poterit
550 437 743 512 mitescere
777 438 898 511 verbis
927 461 978 510 sc.
1013 436 1078 509 ira.
1108 477 1158 488 —-
1187 430 1373 507 Modulari

77 589 229 637 carmen
261 567 383 659 2‚1,53
413 565 472 639 ie.
503 592 648 639 canere.
670 556 812 660 3,4'‚59:
842 567 947 638 Hanc
977 567 1043 660 (sc.
1065 565 1194 659 lyram)
1223 562 1375 658 primum

76 693 228 766 veniens
243 692 390 789 plectro
412 691 618 767 modulatus
638 696 790 767 eburno.
836 695 920 766 Hoc
939 691 1023 766 loco
1051 689 1275 764 modulari
1301 716 1376 764 non

77 836 138 894 est
166 820 278 894 'voce
307 848 449 906 canere,
478 823 548 894 sed
575 850 709 897 canere
737 822 846 918 lyra.
903 820 1158 916 Quamobrem
1188 817 1283 892 nulla
1318 836 1376 893 est

80 974 197 1022 causa
226 975 398 1024 curcum
428 926 574 1046 Heynio
600 953 716 1025 hanc
744 953 778 1024 in
806 952 894 1024 hac
929 966 1118 1023 mutemus.
1148 995 1195 1005 -
1222 948 1374 1020 Movere
1476 1031 1485 1044 Ν

79 1083 228 1172 2‚6,54:
267 1079 429 1151 Moverit
457 1105 478 1151 e
508 1079 601 1152 votis
629 1105 716 1175 pars
745 1094 1019 1176 quotacumque
1047 1078 1153 1150 deos.
1181 1119 1226 1130 -
1262 1075 1373 1148 Nasci

80 1198 222 1291 2‚2,16':
254 1207 491 1280 Gemmarum
511 1208 688 1304 quidquid
707 1207 873 1282 felicibus
901 1207 998 1279 Indis
1025 1207 1185 1279 nascitur
1212 1206 1232 1280 i.
1249 1231 1281 1280 e.
1313 1204 1376 1276 ob·

76 1334 187 1431 tingit
204 1335 256 1407 iis.
299 1335 444 1441 Necare
464 1339 631 1427 4‚1,168:
652 1337 759 1410 Vires
778 1353 890 1410 necat
909 1361 983 1408 aer.
1000 1378 1050 1389 ·-
1070 1333 1210 1406 Natare
1235 1356 1375 1424 4,1,44:
1403 1387 1408 1401 .

75 1461 257 1536 instabilis
287 1481 390 1536 natat
426 1462 573 1537 alterno
610 1466 826 1560 depressior
860 1466 952 1537 orbe
981 1488 1031 1536 sc.
1061 1462 1163 1536 libra.
1194 1506 1246 1518 --
1274 1460 1374 1534 Nere

80 1602 226 1685 3,3,36:
257 1594 394 1665 Futura
418 1610 532 1666 neunt
553 1592 597 1665 ie
621 1593 814 1667 destinant.
832 1637 882 1648 -
900 1590 1054 1664 Placare
1078 1613 1218 1684 3‚4,1o:
1242 1588 1376 1662 Omina

77 1721 195 1793 noctis
223 1721 319 1794 farre
346 1722 410 1817 pio
447 1719 605 1817 placant.
641 1744 778 1813 4‚1,14.
808 1765 857 1775 -—
886 1718 1069 1818 Plangere
1099 1715 1213 1791 docta
1241 1719 1376 1791 bovem

83 1853 205 1939 1,7‚28
222 1850 281 1922 i.e.
303 1848 445 1946 lugere.
461 1892 510 1902 --
528 1847 698 1921 Polluere
721 1869 867 1940 1,9‚17:
887 1849 992 1922 Auro
1012 1874 1060 1920 ne
1075 1845 1199 1943 pollue
1220 1846 1376 1919 formam

75 1977 137 2050 i.e.
153 1977 225 2049 noli
244 2003 327 2051 eam
350 1978 596 2052 dedecorare.
623 2021 664 2031 —
681 1978 825 2051 Ponere
842 1993 978 2050 metum
994 1998 1118 2068 4‚4‚15
1137 1976 1197 2049 ie.
1222 2001 1263 2048 se
1279 1991 1378 2047 metu

76 2105 246 2177 liberare.
304 2102 540 2201 Componere
566 2129 685 2195 1,2‚91
703 2093 779 2178 :Et
799 2106 867 2178 sibi
885 2102 1081 2178 blanditias
1105 2100 1260 2175 tremula
1281 2127 1377 2175 com·-

78 2257 222 2328 ponere
249 2256 344 2305 voce
373 2233 430 2306 i:e.
461 2234 595 2307 dicere.
624 2233 668 2308 cf.
693 2240 831 2327 3‚6‚35.
851 2257 1017 2326 4‚1‚1oo.
1038 2276 1088 2287 --
1119 2230 1377 2304 Praescribere

79 2363 254 2454 4‚1‚178:
281 2362 514 2434 Praescribat
541 2363 700 2435 carmina
719 2363 893 2435 Phoebus
921 2362 979 2436 ie.
1001 2361 1127 2434 dictet.
1149 2404 1201 2415 -
1224 2359 1375 2432 Radere

80 2512 242 2579 4,1,142.
290 2488 610 2562 Broukhusius
640 2516 685 2562 ex
713 2489 892 2563 Heinsii
921 2489 1180 2563 emendatione
1209 2486 1376 2585 legebat:

79 2616 193 2689 Radit
219 2615 403 2693 Arecteos
434 2617 533 2690 haud
559 2644 629 2691 una
663 2644 731 2714 per
759 2619 856 2692 ostia
890 2642 1055 2714 campos,
1114 2617 1221 2709 Quae
1262 2633 1377 2689 trans-

80 2746 168 2817 latio
191 2771 301 2842 quum
322 2771 406 2817 rara
433 2761 543 2830 esset,
572 2745 740 2843 Scaliger
769 2773 790 2819 e
813 2747 1020 2844 fragmento
1046 2745 1244 2818 Cuiaciano
1271 2769 1377 2840 repo-

80 2874 168 2947 suit:
196 2872 319 2947 Ardet
345 2872 517 2946 Arecteis
546 2890 609 2946 aut
634 2874 733 2946 unda
760 2899 830 2970 per
856 2873 1005 2968 hospita
1035 2869 1185 2966 campis.
1244 2869 1378 2964 Neque

80 2997 165 3073 mihi
192 3001 288 3073 haec
316 2999 505 3075 translatio
523 3002 690 3075 usitatior
714 3003 868 3076 videtur.
925 3001 1033 3094 Quae
1055 2997 1247 3069 difficultas
1266 2997 1375 3071 facile

68 3127 217 3223 ,tollitur
243 3144 383 3201 mutata
409 3154 508 3202 voce
540 3131 690 3202 ›ardet‹
728 3131 763 3204 in
803 3148 943 3204 »aret«.
1009 3128 1137 3222 Itaque
1176 3125 1261 3198 mihi
1298 3151 1378 3198 cum

82 3255 123 3328 L.
139 3254 366 3355 Muellero
385 3256 585 3355 legendum
612 3256 771 3330 videtur:
802 3257 899 3331 Aret
922 3256 1093 3329 Arecteis
1114 3255 1201 3327 haut
1223 3279 1296 3327 una
1310 3279 1378 3350 per

82 3384 179 3457 ostia
209 3385 361 3481 campis
393 3401 432 3457 ut
465 3411 594 3459 versus
629 3409 698 3476 142
739 3402 841 3460 arcte
875 3387 1080 3458 cohaereat
1114 3408 1197 3455 cum
1230 3398 1377 3455 antece-

82 3512 194 3587 denti.
245 3557 296 3566 -
324 3514 511 3608 Relegare
549 3519 667 3606 4‚6,5:
707 3514 851 3587 Causas
878 3513 952 3602 tibi,
996 3512 1101 3594 diva,
1134 3512 1278 3607 relegat
1318 3511 1377 3585 i.e.

81 3637 225 3735 culpam
252 3641 315 3712 tibi
345 3640 524 3715 adtribuit.
540 3687 592 3735 -ς
613 3645 804 3737 Repetere
836 3647 980 3734 3,6,61:
1004 3639 1190 3714 Sollicitus
1210 3655 1379 3735 repetam

81 3785 161 3841 tota
195 3769 351 3863 suspiria
385 3787 493 3843 nocte
529 3771 585 3844 i.e.
616 3794 740 3841 eorum
774 3769 994 3844 reminiscor.
1039 3812 1090 3822 -
1120 3768 1376 3865 Requiescere

34 3995 37 3999 .
88 3920 195 3985 1‚2,4:
216 3897 430 3993 Requiescit
450 3923 555 3970 amor
569 3898 629 3971 ie.
644 3923 717 3970 non
735 3896 805 3970 urit
824 3898 989 3971 amicum.
1009 3917 1128 3989 2,1‚5:
1145 3895 1377 3992 Requiescat

79 4025 221 4097 humus.
237 4070 288 4078 —
304 4028 498 4122 Respuere
528 4049 647 4118 4‚1‚7:
678 4025 759 4097 Nec
785 4051 936 4099 munera
960 4051 1075 4121 parva
1098 4024 1283 4120 respueris
1315 4025 1375 4099 i.e.

80 4153 350 4249 repudiaveris.
381 4199 430 4210 —-
460 4154 577 4229 Salire
610 4177 746 4245 3,tt‚10:
776 4149 940 4226 Saliente
969 4152 1057 4226 sale.
1099 4149 1164 4226 Sal
1192 4152 1241 4224 ad
1269 4153 1378 4225 sacri-

79 4282 264 4354 ficandum
293 4283 492 4356 adhibitum
518 4285 547 4356 si
576 4285 611 4355 in
637 4283 761 4378 ignem
780 4282 910 4353 iactum
932 4280 1135 4370 exsiliebat,
1165 4307 1275 4354 omen
1296 4298 1378 4363 erat

80 4411 252 4488 faustum.
284 4456 333 4466 -
362 4412 504 4488 Sanare
538 4436 680 4512 2.3‚13:
709 4411 851 4490 Sanare
880 4437 986 4493 curas
1013 4411 1218 4494 salubribus
1243 4411 1379 4503 herbis.
