3074 4980
688 271 728 334 43

59 470 202 541 consita
243 495 386 564 pomus.
426 430 573 561 2,4,l3:
616 469 699 542 Nec
743 485 900 565 prosunt
940 466 1039 566 elegi
1081 494 1149 541 nec
1191 470 1357 542 carminis

61 615 190 669 auctor
214 598 361 693 Apollo.
394 618 534 690 2,5,95:
571 597 673 669 Tunc
709 614 868 693 operata
893 597 967 668 deo
997 597 1115 692 pubes
1136 597 1358 670 discumbet

60 725 95 796 in
123 725 249 809 herba,
279 726 422 797 arboris
443 727 617 820 antiquae
639 723 822 819 qualevis
842 725 969 797 umbra
990 725 1098 814 eadit,
1128 739 1191 797 aut
1212 751 1232 797 e
1253 741 1358 798 veste

61 880 129 925 sua
158 854 331 927 tendent
360 851 571 925 umbracula
598 852 706 925 sertis
741 852 873 925 vincta.
908 873 1080 945 2‚5‚117:
1110 851 1193 947 lpse
1219 877 1358 948 gerens

61 984 201 1054 lauros:
222 981 324 1053 lauro
354 982 545 1053 devinctus
565 980 713 1076 agresti.
745 1003 888 1072 3‚2,24:
916 979 987 1052 lllic
1017 1005 1109 1076 quas
1138 979 1242 1052 mittit
1256 979 1360 1051 dives

64 1109 246 1183 Panchaia
286 1131 431 1182 merces
467 1108 611 1205 Eoique
642 1109 803 1182 Arabes.
845 1111 1019 1199 4,1,186:
1063 1108 1205 1204 Cuique
1243 1133 1358 1203 pecus

63 1237 183 1310 denso
211 1239 421 1333 pascebant
454 1237 598 1334 agmine
627 1235 753 1310 colles.
791 1262 966 1328 4,1,190:
1000 1236 1082 1309 Nec
1109 1235 1360 1331 licetasperi-
1484 1236 1491 1245 '

63 1389 129 1437 ora
148 1366 284 1437 cadant
312 1365 524 1461 spolierque
554 1365 700 1438 relictis.
731 1389 828 1454 4.4,2
835 1388 875 1457 5:
907 1366 1010 1438 Tunc
1038 1381 1076 1436 te
1099 1362 1241 1436 felicem
1260 1363 1362 1436 dicet

65 1494 125 1588 pia
155 1493 260 1564 turba
290 1493 453 1578 deorum,
484 1493 667 1589 optabunt
697 1508 796 1566 artes
826 1508 864 1564 et
891 1493 959 1564 sibi
989 1493 1145 1588 quisque
1174 1509 1269 1565 tuas.

455 1771 491 1845 b.
519 1770 721 1869 Enallages
750 1789 970 1868 temporum.

66 1979 345 2073 Coniunguntur
381 2005 438 2053 aa.
477 2004 660 2074 praesens
696 1997 734 2053 et
776 1981 932 2052 suturum
978 1983 1129 2070 t,6‚39:
1184 1977 1361 2074 Quisquis

318 2105 406 2179 colis
435 2122 515 2179 arte
554 2105 710 2203 capillos
739 2124 778 2180 et
811 2108 888 2179 fluit
922 2106 1040 2180 effuso
1060 2106 1117 2179 cui
1149 2123 1243 2204 toga
1280 2107 1364 2178 laxa

318 2237 398 2308 sinu
426 2235 590 2331 quisquis
618 2252 658 2308 et
686 2252 864 2308 occurret.

226 2385 287 2456 bb.
318 2410 499 2479 praesens
520 2400 559 2457 et
579 2384 782 2479 perlectum
804 2404 920 2474 4,2‚7:
941 2381 1052 2469 Illam,
1074 2383 1252 2478 quidquid
1272 2383 1362 2479 agit,

322 2537 471 2608 quoquo
500 2511 658 2608 vestigia
687 2511 810 2600 movit,
842 2510 1019 2607 conponit
1047 2510 1178 2584 furtim.

229 2686 285 2735 cc.
321 2660 526 2756 perlectum
563 2676 601 2732 et
634 2660 889 2755 imperfectum
924 2668 1058 2752 1‚6,27:
1093 2660 1220 2755 Saepe
1260 2683 1364 2732 mero

321 2813 490 2860 somnum
518 2789 649 2885 peperi
677 2788 752 2877 tibi,
784 2805 822 2861 at
850 2789 932 2884 ipse
962 2788 1148 2861 bibebam.

229 2938 290 3012 dd.
321 2937 524 3032 perlectum
567 2953 606 3009 et
652 2934 1055 3032 plusquamperfectum
1102 2954 1238 3028 1,3,47:
1281 2934 1364 3006 Non

321 3066 433 3150 acies,
464 3066 617 3137 nonita
645 3064 719 3152 suit,
755 3090 826 3137 non
855 3064 964 3154 bella,
994 3091 1062 3138 nec
1092 3089 1220 3138 ensem
1242 3063 1367 3137 immiti

322 3219 455 3265 saevus
483 3193 640 3266 duxerat
666 3210 747 3266 arte
777 3194 894 3267 faber.

175 3403 378 3473 Praeterea
397 3401 664 3497 coniunguntur
683 3401 875 3497 participia
897 3401 1054 3496 perfecti
1089 3415 1127 3472 et
1154 3400 1365 3495 praesentis

70 3537 231 3619 4,1,116,
261 3529 292 3599 si
317 3527 389 3600 hoc
418 3526 504 3600 loco
541 3529 743 3623 probamus
780 3554 876 3623 quae
906 3527 1106 3601 Muellerus
1138 3528 1279 3624 posuit:
1311 3527 1367 3598 Te
1408 3619 1410 3623 y

70 3658 163 3728 duee
198 3681 270 3728 non
308 3653 397 3727 alias
431 3681 634 3728 conversus
668 3672 777 3753 terga
814 3657 989 3729 domante
1025 3654 1141 3727 libera
1174 3656 1367 3726 Romanae

69 3785 227 3857 subiecit
269 3781 362 3855 eolla
404 3800 570 3858 catenae.
629 3783 791 3857 Veteres
825 3785 989 3858 editores
1032 3763 1140 3855 vitam
1183 3780 1367 3877 quandam

69 3911 202 3984 Tibulli
237 3927 439 4008 sequentes
473 3911 703 3984 tradiderant
741 3911 972 3995 »domator«,
1002 3936 1099 4006 quae
1132 3910 1253 3982 forma
1279 3908 1368 3982 Sca-

69 4040 187 4138 ligero
217 4042 288 4113 iam
318 4057 493 4135 suspecta
521 4050 610 4112 erat.
666 4039 700 4111 Is
729 4040 823 4112 enim
861 4038 1102 4112 adiiciendum
1144 4062 1230 4110 esse
1264 4053 1366 4133 puta·

70 4170 120 4240 vit
152 4194 359 4263 aequorum
396 4168 604 4240 domator«.
661 4166 739 4239 Sed
769 4193 880 4262 quum
914 4191 986 4240 vox
1020 4193 1040 4238 e
1071 4190 1180 4238 versu
1215 4181 1364 4237 antece-

35 4378 40 4388 ,
71 4295 173 4367 denti
201 4294 307 4367 facile
337 4293 512 4390 explicari
542 4294 675 4389 possit,
712 4320 834 4390 neque
870 4294 1028 4369 adiectio
1058 4319 1181 4392 neque
1213 4293 1367 4369 mutatio

71 4424 283 4528 necessaria
311 4423 465 4499 videtur.
