3074 4980
768 242 810 303 29

116 439 249 511 ordine
276 439 363 513 fiunt
376 442 400 533 ¹)
421 441 570 536 hocque
590 438 674 511 loco
695 441 859 512 dicemus
887 439 934 511 de
955 439 1164 534 hyperbato
1184 439 1286 533 quod
1307 438 1418 532 Quin-

110 564 258 638 tilianus
286 592 355 661 pro
384 583 496 662 tropo
524 567 661 641 habuit.

481 890 524 963 Α.
580 890 639 962 De
666 891 803 982 fiquris
831 890 1050 962 rhetoricis.

241 1127 273 1173 a.
313 1101 553 1196 Figurae
598 1129 735 1198 qliae
777 1103 1108 1174 adiectione
1156 1102 1309 1175 liunt.

425 1345 457 1389 α.
493 1324 709 1408 Παλιλλογία
735 1314 793 1388 vel
823 1292 1110 1412 conduplicatio

225 1529 360 1603 cornis.
389 1531 448 1618 lv,
482 1533 546 1603 28:
584 1529 866 1624 Conduplicatio
897 1546 965 1616 est,
1002 1555 1082 1602 cum
1117 1531 1257 1603 ratione
1294 1528 1419 1624 ampli-

112 1655 294 1728 ficationis
322 1674 384 1729 aut
403 1658 747 1738 commiserationis,
768 1658 935 1729 eiusdem
960 1658 1063 1729 unius
1084 1675 1146 1729 aut
1163 1658 1316 1752 plurium
1342 1682 1419 1729 ver-

113 1784 246 1855 borum
274 1783 431 1858 iteratio,
475 1784 602 1877 Quint.
624 1785 809 1877 1X‚3‚28:
839 1785 967 1857 Verba
996 1786 1228 1880 geminantur
1255 1782 1316 1855 vel
1344 1810 1419 1856 am·

115 1909 304 2006 plificandi
332 1913 463 2007 gratia,
492 1929 545 1986 ut:
577 1914 715 1997 Occidi,
751 1914 879 1996 occidi,
918 1938 993 1984 non
1028 1913 1094 2007 Sp.
1134 1913 1324 1995 Maelium
1362 1909 1420 1982 vel

115 2038 327 2123 miserandi,
357 2056 414 2112 ut:
446 2040 504 2112 Ah
534 2041 722 2135 Corydon,
753 2041 952 2134 Corydon!

225 2164 407 2261 Exempla
435 2166 535 2262 apud
564 2167 745 2241 Tibullum
774 2169 870 2241 haec
900 2184 1064 2241 exstant:

561 2432 618 2477 αα.
648 2403 979 2476 Substantivorum.

235 2634 372 2705 1‚7,49:
402 2615 558 2688 Genium
586 2614 673 2688 ludo
703 2615 934 2711 Geniumque
962 2617 1122 2688 choreis.
1162 2621 1303 2700 2,2‚18:
1334 2615 1419 2686 Vin-

120 2741 202 2814 cula
222 2759 347 2837 portet
367 2743 496 2830 Amor,
517 2742 661 2815 vincula
690 2770 786 2838 quae
805 2761 986 2816 maneant.
1015 2770 1044 2827 2,
1050 2766 1183 2834 5,100:
1206 2744 1420 2837 Cespitibus

117 2897 271 2943 mensas
299 2871 575 2966 cespitibusque
605 2888 731 2942 torum.
765 2876 905 2963 3‚1‚26:
935 2871 1021 2942 Sive
1050 2872 1118 2941 sibi
1152 2872 1307 2943 coniunx
1344 2871 1419 2941 sive

120 3001 240 3070 futura
271 3023 394 3072 soror:
424 2998 503 3070 Sed
530 3000 654 3093 potius
684 2999 852 3070 coniunx.

584 3239 636 3321 ββ.
665 3233 954 3306 Adiectivorum.

229 3443 332 3517 Alius
354 3466 494 3536 4‚1‚17:
521 3447 610 3517 lnde
632 3445 724 3518 alios
744 3444 909 3541 aliosque
929 3472 1072 3518 memor
1092 3471 1320 3542 componere
1342 3471 1420 3517 ver·

118 3597 195 3644 sus,
254 3572 454 3644 Candidior
487 3582 615 3664 1,7,64.

595 3835 647 3900 γγ.
679 3807 941 3880 Pronominum.

230 4017 279 4089 Et
296 4033 343 4102 tu,
373 4018 519 4091 Bacche
540 4036 653 4098 tener.
681 4021 858 4092 iucundae
880 4023 1044 4094 consitor
1073 4049 1177 4112 uvae,
1207 4041 1244 4094 tu
1265 4048 1418 4118 quoque

122 4145 296 4229 devotos,
326 4146 488 4235 Bacche,
520 4148 684 4243 relinque
714 4146 826 4219 lacus.
859 4155 995 4242 2,3,63.

125 4288 183 4295 -ο
187 4290 390 4296 ——-—-.-—-.-—

229 4337 248 4408 ¹)
268 4341 299 4388 In
312 4341 398 4390 ordine
411 4342 563 4391 instituendo
576 4350 675 4391 secutus
688 4359 743 4391 sum
756 4342 893 4407 Gebbingii
912 4344 1110 4394 dissertationem
1123 4346 1173 4393 iam
1187 4361 1262 4409 supra
1281 4345 1418 4405 laudatam¹

120 4410 186 4498 quite
205 4440 242 4481 est
261 4432 293 4482 de
316 4433 393 4497 tropis
417 4433 551 4500 figurisque
579 4434 608 4484 C.
628 4435 721 4484 Valerii
740 4434 831 4484 Flacci.
871 4436 1000 4503 Marburgi
1024 4436 1100 4500 1878.
