<?xml version="1.0" encoding="UTF-8"?>
<!DOCTYPE html PUBLIC "-//W3C//DTD XHTML 1.0 Transitional//EN"
    "http://www.w3.org/TR/xhtml1/DTD/xhtml1-transitional.dtd">
<html xmlns="http://www.w3.org/1999/xhtml" xml:lang="en" lang="en">
 <head>
  <title>
</title>
<meta http-equiv="Content-Type" content="text/html;charset=utf-8" />
  <meta name='ocr-system' content='tesseract 3.04.00' />
  <meta name='ocr-capabilities' content='ocr_page ocr_carea ocr_par ocr_line ocrx_word'/>
</head>
<body>
  <div class='ocr_page' id='page_1' title='image "./detropisetfigur01hansgoog_0044.png"; bbox 0 0 3074 4980; ppageno 0'>
   <div class='ocr_carea' id='block_1_1' title="bbox 727 254 768 316">
    <p class='ocr_par' dir='ltr' id='par_1_1' title="bbox 727 254 768 316">
     <span class='ocr_line' id='line_1_1' title="bbox 727 254 768 316; baseline -0.024 0"><span class='ocrx_word' id='word_1_1' title='bbox 727 254 768 316; x_wconf 91' lang='lat'><strong>39</strong></span> 
     </span>
    </p>
   </div>
   <div class='ocr_carea' id='block_1_2' title="bbox 641 327 852 336">
    <p class='ocr_par' dir='ltr' id='par_1_2' title="bbox 641 327 852 336">
     <span class='ocr_line' id='line_1_2' title="bbox 641 327 852 336; baseline -0.005 -1"><span class='ocrx_word' id='word_1_2' title='bbox 641 327 852 336; x_wconf 67' lang='lat'><strong>..---—-.,-.—</strong></span> 
     </span>
    </p>
   </div>
   <div class='ocr_carea' id='block_1_3' title="bbox 96 448 1393 3223">
    <p class='ocr_par' dir='ltr' id='par_1_3' title="bbox 96 448 1393 3223">
     <span class='ocr_line' id='line_1_3' title="bbox 96 448 1391 549; baseline -0.005 -23"><span class='ocrx_word' id='word_1_3' title='bbox 96 454 159 526; x_wconf 87' lang='lat' dir='ltr'><strong>vel</strong></span> <span class='ocrx_word' id='word_1_4' title='bbox 189 481 210 525; x_wconf 90' lang='lat' dir='ltr'>a</span> <span class='ocrx_word' id='word_1_5' title='bbox 226 455 249 525; x_wconf 92' lang='lat' dir='ltr'>b</span> <span class='ocrx_word' id='word_1_6' title='bbox 265 456 322 526; x_wconf 92' lang='lat' dir='ltr'><strong>cb</strong></span> <span class='ocrx_word' id='word_1_7' title='bbox 339 480 370 525; x_wconf 89' lang='lat' dir='ltr'><strong>a.</strong></span> <span class='ocrx_word' id='word_1_8' title='bbox 414 453 546 549; x_wconf 85' lang='lat' dir='ltr'><strong>Neque</strong></span> <span class='ocrx_word' id='word_1_9' title='bbox 567 454 700 524; x_wconf 90' lang='lat' dir='ltr'>desunt</span> <span class='ocrx_word' id='word_1_10' title='bbox 719 451 936 524; x_wconf 88' lang='lat' dir='ltr'><strong>mutationes</strong></span> <span class='ocrx_word' id='word_1_11' title='bbox 963 451 1211 524; x_wconf 86' lang='lat' dir='ltr'><strong>membrorum</strong></span> <span class='ocrx_word' id='word_1_12' title='bbox 1229 448 1391 538; x_wconf 84' lang='lat' dir='ltr'>chiasmi‚</span> 
     </span>
     <span class='ocr_line' id='line_1_4' title="bbox 98 577 1151 677; baseline -0.005 -22"><span class='ocrx_word' id='word_1_13' title='bbox 98 610 144 655; x_wconf 85' lang='lat' dir='ltr'><strong>ex</strong></span> <span class='ocrx_word' id='word_1_14' title='bbox 173 584 303 677; x_wconf 87' lang='lat' dir='ltr'><strong>quibus</strong></span> <span class='ocrx_word' id='word_1_15' title='bbox 333 581 534 653; x_wconf 86' lang='lat' dir='ltr'><strong>efficiuntur</strong></span> <span class='ocrx_word' id='word_1_16' title='bbox 564 577 739 653; x_wconf 88' lang='lat' dir='ltr'><strong>formulae</strong></span> <span class='ocrx_word' id='word_1_17' title='bbox 770 579 908 674; x_wconf 69' lang='lat' dir='ltr'>aabb</span> <span class='ocrx_word' id='word_1_18' title='bbox 937 595 976 651; x_wconf 89' lang='lat' dir='ltr'><strong>et</strong></span> <span class='ocrx_word' id='word_1_19' title='bbox 1005 579 1065 651; x_wconf 90' lang='lat' dir='ltr'><strong>ab</strong></span> <span class='ocrx_word' id='word_1_20' title='bbox 1082 604 1103 650; x_wconf 90' lang='lat' dir='ltr'>a</span> <span class='ocrx_word' id='word_1_21' title='bbox 1118 579 1151 650; x_wconf 92' lang='lat' dir='ltr'><strong>b.</strong></span> 
     </span>
     <span class='ocr_line' id='line_1_5' title="bbox 211 708 656 782; baseline -0.009 -1"><span class='ocrx_word' id='word_1_22' title='bbox 211 736 240 782; x_wconf 88' lang='lat'><strong>1.</strong></span> <span class='ocrx_word' id='word_1_23' title='bbox 271 710 443 781; x_wconf 86' lang='lat' dir='ltr'><strong>Formula</strong></span> <span class='ocrx_word' id='word_1_24' title='bbox 469 708 656 780; x_wconf 87' lang='lat' dir='ltr'>abcab.</span> 
     </span>
     <span class='ocr_line' id='line_1_6' title="bbox 97 821 1393 932; baseline -0.003 -24"><span class='ocrx_word' id='word_1_25' title='bbox 97 821 132 932; x_wconf 65' lang='grc' dir='ltr'><strong>ὲ)</strong></span> <span class='ocrx_word' id='word_1_26' title='bbox 166 861 186 909; x_wconf 92' lang='lat' dir='ltr'>c</span> <span class='ocrx_word' id='word_1_27' title='bbox 215 840 366 909; x_wconf 89' lang='lat' dir='ltr'><strong>verbum</strong></span> <span class='ocrx_word' id='word_1_28' title='bbox 396 852 471 908; x_wconf 88' lang='lat' dir='ltr'><strong>est:</strong></span> <span class='ocrx_word' id='word_1_29' title='bbox 516 840 576 928; x_wconf 88' lang='lat' dir='ltr'><strong>aa)</strong></span> <span class='ocrx_word' id='word_1_30' title='bbox 606 835 728 907; x_wconf 85' lang='lat' dir='ltr'><strong>Praes.</strong></span> <span class='ocrx_word' id='word_1_31' title='bbox 758 834 867 906; x_wconf 86' lang='lat' dir='ltr'><strong>Indic.</strong></span> <span class='ocrx_word' id='word_1_32' title='bbox 911 834 1393 925; x_wconf 81' lang='lat' dir='ltr'><strong>2‚6,29:1mmaturasuae</strong></span> 
     </span>
     <span class='ocr_line' id='line_1_7' title="bbox 218 963 1148 1059; baseline -0.002 -25"><span class='ocrx_word' id='word_1_33' title='bbox 218 989 352 1059; x_wconf 87' lang='lat' dir='ltr'>precor</span> <span class='ocrx_word' id='word_1_34' title='bbox 381 989 469 1035; x_wconf 84' lang='lat' dir='ltr'>ossa</span> <span class='ocrx_word' id='word_1_35' title='bbox 495 963 646 1034; x_wconf 78' lang='lat' dir='ltr'><strong>sororiS.</strong></span> <span class='ocrx_word' id='word_1_36' title='bbox 677 984 782 1055; x_wconf 81' lang='lat'><strong>3‚4,7.</strong></span> <span class='ocrx_word' id='word_1_37' title='bbox 813 984 953 1053; x_wconf 77' lang='lat'>3‚5,30.</span> <span class='ocrx_word' id='word_1_38' title='bbox 984 982 1148 1053; x_wconf 84' lang='lat'>4.1‚155.</span> 
     </span>
     <span class='ocr_line' id='line_1_8' title="bbox 256 1073 1391 1186; baseline -0.003 -24"><span class='ocrx_word' id='word_1_39' title='bbox 256 1092 316 1164; x_wconf 90' lang='lat' dir='ltr'><strong>bb.</strong></span> <span class='ocrx_word' id='word_1_40' title='bbox 348 1073 471 1163; x_wconf 68' lang='lat' dir='ltr'><strong>Prues.</strong></span> <span class='ocrx_word' id='word_1_41' title='bbox 499 1091 611 1186; x_wconf 87' lang='lat' dir='ltr'><strong>Conj.</strong></span> <span class='ocrx_word' id='word_1_42' title='bbox 642 1097 789 1182; x_wconf 81' lang='lat'>4‚1‚76:</span> <span class='ocrx_word' id='word_1_43' title='bbox 819 1087 968 1161; x_wconf 84' lang='lat' dir='ltr'>Violata</span> <span class='ocrx_word' id='word_1_44' title='bbox 995 1089 1078 1185; x_wconf 84' lang='lat' dir='ltr'>vagi</span> <span class='ocrx_word' id='word_1_45' title='bbox 1107 1089 1281 1160; x_wconf 85' lang='lat' dir='ltr'>sileantur</span> <span class='ocrx_word' id='word_1_46' title='bbox 1310 1114 1391 1183; x_wconf 85' lang='lat' dir='ltr'>pas·</span> 
     </span>
     <span class='ocr_line' id='line_1_9' title="bbox 351 1215 557 1291; baseline -0.01 -1"><span class='ocrx_word' id='word_1_47' title='bbox 351 1243 421 1290; x_wconf 88' lang='lat' dir='ltr'><strong>cua</strong></span> <span class='ocrx_word' id='word_1_48' title='bbox 448 1215 557 1291; x_wconf 87' lang='lat' dir='ltr'><strong>Solis.</strong></span> 
     </span>
     <span class='ocr_line' id='line_1_10' title="bbox 254 1343 1393 1438; baseline -0.002 -20"><span class='ocrx_word' id='word_1_49' title='bbox 254 1373 302 1418; x_wconf 88' lang='lat' dir='ltr'><strong>ec.</strong></span> <span class='ocrx_word' id='word_1_50' title='bbox 347 1347 503 1419; x_wconf 80' lang='lat' dir='ltr'><strong>Perfert.</strong></span> <span class='ocrx_word' id='word_1_51' title='bbox 526 1370 561 1436; x_wconf 84' lang='lat'><strong>4,</strong></span> <span class='ocrx_word' id='word_1_52' title='bbox 575 1370 678 1437; x_wconf 78' lang='lat'>1,13:</span> <span class='ocrx_word' id='word_1_53' title='bbox 708 1344 827 1416; x_wconf 87' lang='lat' dir='ltr'><strong>Laeta</strong></span> <span class='ocrx_word' id='word_1_54' title='bbox 846 1343 1075 1416; x_wconf 81' lang='lat' dir='ltr'>Molorcheis</span> <span class='ocrx_word' id='word_1_55' title='bbox 1095 1343 1217 1438; x_wconf 87' lang='lat' dir='ltr'>posuit</span> <span class='ocrx_word' id='word_1_56' title='bbox 1235 1343 1393 1437; x_wconf 83' lang='lat' dir='ltr'><strong>vestigia</strong></span> 
     </span>
     <span class='ocr_line' id='line_1_11' title="bbox 348 1474 666 1564; baseline -0.003 -19"><span class='ocrx_word' id='word_1_57' title='bbox 348 1474 466 1547; x_wconf 88' lang='lat' dir='ltr'><strong>tectis.</strong></span> <span class='ocrx_word' id='word_1_58' title='bbox 498 1497 666 1564; x_wconf 76' lang='lat'>4,1,124.</span> 
     </span>
     <span class='ocr_line' id='line_1_12' title="bbox 254 1597 1393 1696; baseline -0.004 -23"><span class='ocrx_word' id='word_1_59' title='bbox 254 1602 316 1674; x_wconf 92' lang='lat' dir='ltr'><strong>dd.</strong></span> <span class='ocrx_word' id='word_1_60' title='bbox 347 1602 447 1696; x_wconf 85' lang='lat' dir='ltr'><strong>Impf.</strong></span> <span class='ocrx_word' id='word_1_61' title='bbox 484 1600 591 1673; x_wconf 89' lang='lat' dir='ltr'><strong>Indic.</strong></span> <span class='ocrx_word' id='word_1_62' title='bbox 632 1623 776 1688; x_wconf 84' lang='lat'>1,1,21:</span> <span class='ocrx_word' id='word_1_63' title='bbox 819 1597 941 1671; x_wconf 84' lang='lat' dir='ltr'><strong>Vitula</strong></span> <span class='ocrx_word' id='word_1_64' title='bbox 974 1599 1182 1670; x_wconf 82' lang='lat' dir='ltr'><strong>innumeros</strong></span> <span class='ocrx_word' id='word_1_65' title='bbox 1215 1597 1393 1670; x_wconf 83' lang='lat' dir='ltr'><strong>lustrabat</strong></span> 
     </span>
     <span class='ocr_line' id='line_1_13' title="bbox 346 1729 676 1801; baseline 0.003 -1"><span class='ocrx_word' id='word_1_66' title='bbox 346 1755 459 1801; x_wconf 86' lang='lat' dir='ltr'><strong>caesa</strong></span> <span class='ocrx_word' id='word_1_67' title='bbox 486 1729 676 1801; x_wconf 55' lang='lat' dir='ltr'><strong>iuvencos</strong></span> 
     </span>
     <span class='ocr_line' id='line_1_14' title="bbox 253 1853 1391 1951; baseline -0.002 -23"><span class='ocrx_word' id='word_1_68' title='bbox 253 1883 309 1928; x_wconf 83' lang='lat' dir='ltr'><strong>ee.</strong></span> <span class='ocrx_word' id='word_1_69' title='bbox 346 1857 448 1951; x_wconf 90' lang='lat' dir='ltr'><strong>Impf.</strong></span> <span class='ocrx_word' id='word_1_70' title='bbox 479 1855 585 1951; x_wconf 87' lang='lat' dir='ltr'>Conj.</span> <span class='ocrx_word' id='word_1_71' title='bbox 617 1877 740 1947; x_wconf 75' lang='lat'>3‚3,5:</span> <span class='ocrx_word' id='word_1_72' title='bbox 771 1853 887 1926; x_wconf 87' lang='lat' dir='ltr'><strong>Multa</strong></span> <span class='ocrx_word' id='word_1_73' title='bbox 916 1855 986 1926; x_wconf 90' lang='lat' dir='ltr'><strong>mei</strong></span> <span class='ocrx_word' id='word_1_74' title='bbox 1014 1869 1239 1926; x_wconf 86' lang='lat' dir='ltr'><strong>renovarent</strong></span> <span class='ocrx_word' id='word_1_75' title='bbox 1261 1854 1391 1949; x_wconf 83' lang='lat' dir='ltr'><strong>iugera</strong></span> 
     </span>
     <span class='ocr_line' id='line_1_15' title="bbox 345 1985 448 2056; baseline 0.019 -2"><span class='ocrx_word' id='word_1_76' title='bbox 345 1985 448 2056; x_wconf 90' lang='lat' dir='ltr'><strong>tauri.</strong></span> 
     </span>
     <span class='ocr_line' id='line_1_16' title="bbox 250 2108 1390 2207; baseline -0.001 -26"><span class='ocrx_word' id='word_1_77' title='bbox 250 2110 284 2182; x_wconf 88' lang='lat' dir='ltr'><strong>ff.</strong></span> <span class='ocrx_word' id='word_1_78' title='bbox 341 2108 590 2207; x_wconf 86' lang='lat' dir='ltr'><strong>Plusquampf.</strong></span> <span class='ocrx_word' id='word_1_79' title='bbox 626 2114 764 2201; x_wconf 84' lang='lat'>1‚3,48:</span> <span class='ocrx_word' id='word_1_80' title='bbox 804 2111 933 2182; x_wconf 87' lang='lat' dir='ltr'>Immiti</span> <span class='ocrx_word' id='word_1_81' title='bbox 962 2135 1095 2183; x_wconf 86' lang='lat' dir='ltr'><strong>saevus</strong></span> <span class='ocrx_word' id='word_1_82' title='bbox 1124 2109 1282 2181; x_wconf 86' lang='lat' dir='ltr'><strong>duxerat</strong></span> <span class='ocrx_word' id='word_1_83' title='bbox 1310 2123 1390 2181; x_wconf 86' lang='lat' dir='ltr'><strong>arte</strong></span> 
     </span>
     <span class='ocr_line' id='line_1_17' title="bbox 344 2238 460 2311; baseline 0.017 -2"><span class='ocrx_word' id='word_1_84' title='bbox 344 2238 460 2311; x_wconf 87' lang='lat' dir='ltr'><strong>faber.</strong></span> 
     </span>
     <span class='ocr_line' id='line_1_18' title="bbox 249 2364 1389 2462; baseline -0.002 -25"><span class='ocrx_word' id='word_1_85' title='bbox 249 2391 313 2460; x_wconf 85' lang='lat' dir='ltr'><strong>gg.</strong></span> <span class='ocrx_word' id='word_1_86' title='bbox 342 2365 464 2437; x_wconf 86' lang='lat' dir='ltr'><strong>Futur.</strong></span> <span class='ocrx_word' id='word_1_87' title='bbox 487 2389 518 2456; x_wconf 85' lang='lat'><strong>3,</strong></span> <span class='ocrx_word' id='word_1_88' title='bbox 524 2386 580 2456; x_wconf 87' lang='lat'><strong>5,2</strong></span> <span class='ocrx_word' id='word_1_89' title='bbox 588 2387 628 2458; x_wconf 87' lang='lat'><strong>5:</strong></span> <span class='ocrx_word' id='word_1_90' title='bbox 660 2367 748 2438; x_wconf 82' lang='lat' dir='ltr'><strong>Mea</strong></span> <span class='ocrx_word' id='word_1_91' title='bbox 768 2390 908 2461; x_wconf 83' lang='lat' dir='ltr'><strong>rugosa</strong></span> <span class='ocrx_word' id='word_1_92' title='bbox 927 2364 1116 2462; x_wconf 83' lang='lat' dir='ltr'><strong>pallebunt</strong></span> <span class='ocrx_word' id='word_1_93' title='bbox 1137 2389 1202 2436; x_wconf 85' lang='lat' dir='ltr'><strong>ora</strong></span> <span class='ocrx_word' id='word_1_94' title='bbox 1223 2380 1389 2436; x_wconf 85' lang='lat' dir='ltr'>senecta.</span> 
     </span>
     <span class='ocr_line' id='line_1_19' title="bbox 246 2492 1389 2587; baseline 0.001 -24"><span class='ocrx_word' id='word_1_95' title='bbox 246 2493 306 2565; x_wconf 90' lang='lat' dir='ltr'><strong>hh.</strong></span> <span class='ocrx_word' id='word_1_96' title='bbox 336 2493 507 2587; x_wconf 82' lang='lat' dir='ltr'><strong>Imperat.</strong></span> <span class='ocrx_word' id='word_1_97' title='bbox 546 2515 686 2584; x_wconf 86' lang='lat'>2,1‚27:</span> <span class='ocrx_word' id='word_1_98' title='bbox 728 2494 914 2566; x_wconf 89' lang='lat' dir='ltr'><strong>Fumosos</strong></span> <span class='ocrx_word' id='word_1_99' title='bbox 951 2492 1087 2565; x_wconf 82' lang='lat' dir='ltr'><strong>veteris</strong></span> <span class='ocrx_word' id='word_1_100' title='bbox 1126 2492 1292 2587; x_wconf 86' lang='lat' dir='ltr'><strong>proferte</strong></span> <span class='ocrx_word' id='word_1_101' title='bbox 1321 2492 1389 2564; x_wconf 85' lang='lat' dir='ltr'><strong>Fa·</strong></span> 
     </span>
     <span class='ocr_line' id='line_1_20' title="bbox 339 2619 663 2693; baseline 0.006 -3"><span class='ocrx_word' id='word_1_102' title='bbox 339 2619 463 2693; x_wconf 86' lang='lat' dir='ltr'><strong>lernos</strong></span> <span class='ocrx_word' id='word_1_103' title='bbox 492 2622 663 2693; x_wconf 87' lang='lat' dir='ltr'><strong>consulis.</strong></span> 
     </span>
     <span class='ocr_line' id='line_1_21' title="bbox 245 2748 1383 2844; baseline 0 -24"><span class='ocrx_word' id='word_1_104' title='bbox 245 2750 277 2822; x_wconf 83' lang='lat' dir='ltr'><strong>ii.</strong></span> <span class='ocrx_word' id='word_1_105' title='bbox 335 2748 497 2821; x_wconf 86' lang='lat' dir='ltr'><strong>Infinitiv.</strong></span> <span class='ocrx_word' id='word_1_106' title='bbox 541 2773 678 2838; x_wconf 79' lang='lat'>1,2‚22:</span> <span class='ocrx_word' id='word_1_107' title='bbox 723 2749 937 2844; x_wconf 79' lang='lat' dir='ltr'>Blandaque</span> <span class='ocrx_word' id='word_1_108' title='bbox 981 2749 1198 2844; x_wconf 87' lang='lat' dir='ltr'><strong>compositis</strong></span> <span class='ocrx_word' id='word_1_109' title='bbox 1240 2748 1383 2820; x_wconf 79' lang='lat' dir='ltr'><strong>¹abdere</strong></span> 
     </span>
     <span class='ocr_line' id='line_1_22' title="bbox 311 2864 752 2969; baseline 0.002 -23"><span class='ocrx_word' id='word_1_110' title='bbox 311 2864 454 2948; x_wconf 39' lang='lat' dir='ltr'><strong>‘verba</strong></span> <span class='ocrx_word' id='word_1_111' title='bbox 481 2876 582 2948; x_wconf 89' lang='lat' dir='ltr'><strong>votis.</strong></span> <span class='ocrx_word' id='word_1_112' title='bbox 616 2898 752 2969; x_wconf 81' lang='lat'><strong>3‚5,20.</strong></span> 
     </span>
     <span class='ocr_line' id='line_1_23' title="bbox 246 3001 1384 3099; baseline 0.001 -25"><span class='ocrx_word' id='word_1_113' title='bbox 246 3004 310 3077; x_wconf 88' lang='lat' dir='ltr'><strong>kk.</strong></span> <span class='ocrx_word' id='word_1_114' title='bbox 341 3004 507 3099; x_wconf 84' lang='lat' dir='ltr'><strong>Particip.</strong></span> <span class='ocrx_word' id='word_1_115' title='bbox 552 3028 691 3096; x_wconf 83' lang='lat'>1,3,29:</span> <span class='ocrx_word' id='word_1_116' title='bbox 731 3006 819 3075; x_wconf 80' lang='lat' dir='ltr'><strong>Mea</strong></span> <span class='ocrx_word' id='word_1_117' title='bbox 854 3004 996 3075; x_wconf 85' lang='lat' dir='ltr'>votivas</span> <span class='ocrx_word' id='word_1_118' title='bbox 1025 3001 1245 3098; x_wconf 86' lang='lat' dir='ltr'><strong>persolvens</strong></span> <span class='ocrx_word' id='word_1_119' title='bbox 1275 3001 1384 3076; x_wconf 85' lang='lat' dir='ltr'><strong>Delia</strong></span> 
     </span>
     <span class='ocr_line' id='line_1_24' title="bbox 339 3150 635 3223; baseline 0.007 -21"><span class='ocrx_word' id='word_1_120' title='bbox 339 3156 463 3205; x_wconf 89' lang='lat' dir='ltr'><strong>voces.</strong></span> <span class='ocrx_word' id='word_1_121' title='bbox 496 3150 635 3223; x_wconf 82' lang='lat'>4,1,57.</span> 
     </span>
    </p>
   </div>
   <div class='ocr_carea' id='block_1_4' title="bbox 84 3256 1383 3360">
    <p class='ocr_par' dir='ltr' id='par_1_4' title="bbox 84 3256 1383 3360">
     <span class='ocr_line' id='line_1_25' title="bbox 84 3256 1383 3360; baseline 0 -30"><span class='ocrx_word' id='word_1_122' title='bbox 84 3256 128 3359; x_wconf 89' lang='lat' dir='ltr'><strong>b)</strong></span> <span class='ocrx_word' id='word_1_123' title='bbox 157 3285 176 3330; x_wconf 91' lang='lat' dir='ltr'>c</span> <span class='ocrx_word' id='word_1_124' title='bbox 204 3259 416 3331; x_wconf 85' lang='lat' dir='ltr'>adverbium</span> <span class='ocrx_word' id='word_1_125' title='bbox 444 3275 502 3330; x_wconf 89' lang='lat' dir='ltr'><strong>est</strong></span> <span class='ocrx_word' id='word_1_126' title='bbox 532 3268 669 3350; x_wconf 87' lang='lat'>2,5‚56:</span> <span class='ocrx_word' id='word_1_127' title='bbox 698 3259 767 3331; x_wconf 91' lang='lat' dir='ltr'><strong>Hic</strong></span> <span class='ocrx_word' id='word_1_128' title='bbox 787 3285 944 3360; x_wconf 81' lang='lat' dir='ltr'><strong>magnae</strong></span> <span class='ocrx_word' id='word_1_129' title='bbox 964 3259 1034 3331; x_wconf 86' lang='lat' dir='ltr'><strong>iam</strong></span> <span class='ocrx_word' id='word_1_130' title='bbox 1055 3256 1158 3331; x_wconf 82' lang='lat' dir='ltr'><strong>locus</strong></span> <span class='ocrx_word' id='word_1_131' title='bbox 1186 3259 1284 3331; x_wconf 90' lang='lat' dir='ltr'><strong>urbis</strong></span> <span class='ocrx_word' id='word_1_132' title='bbox 1306 3258 1383 3331; x_wconf 87' lang='lat' dir='ltr'><strong>erit.</strong></span> 
     </span>
    </p>
   </div>
   <div class='ocr_carea' id='block_1_5' title="bbox 86 3381 1383 4394">
    <p class='ocr_par' dir='ltr' id='par_1_5' title="bbox 86 3381 1383 4394">
     <span class='ocr_line' id='line_1_26' title="bbox 197 3381 644 3480; baseline 0.004 -2"><span class='ocrx_word' id='word_1_133' title='bbox 197 3431 229 3480; x_wconf 85' lang='lat'><strong>2.</strong></span> <span class='ocrx_word' id='word_1_134' title='bbox 259 3381 432 3479; x_wconf 81' lang='lat' dir='ltr'><strong>Formula</strong></span> <span class='ocrx_word' id='word_1_135' title='bbox 460 3408 644 3480; x_wconf 86' lang='lat' dir='ltr'><strong>abbca.</strong></span> 
     </span>
     <span class='ocr_line' id='line_1_27' title="bbox 94 3532 1076 3631; baseline 0.002 -25"><span class='ocrx_word' id='word_1_136' title='bbox 94 3559 236 3624; x_wconf 81' lang='lat' dir='ltr'><strong>r,4,12;</strong></span> <span class='ocrx_word' id='word_1_137' title='bbox 265 3532 449 3605; x_wconf 88' lang='lat' dir='ltr'>Placidam</span> <span class='ocrx_word' id='word_1_138' title='bbox 478 3535 585 3607; x_wconf 89' lang='lat' dir='ltr'><strong>niveo</strong></span> <span class='ocrx_word' id='word_1_139' title='bbox 616 3551 770 3630; x_wconf 84' lang='lat' dir='ltr'><strong>pectore</strong></span> <span class='ocrx_word' id='word_1_140' title='bbox 800 3533 903 3631; x_wconf 86' lang='lat' dir='ltr'><strong>pellit</strong></span> <span class='ocrx_word' id='word_1_141' title='bbox 928 3561 1076 3631; x_wconf 87' lang='lat' dir='ltr'><strong>aquam.</strong></span> 
     </span>
     <span class='ocr_line' id='line_1_28' title="bbox 197 3660 647 3754; baseline 0.002 -21"><span class='ocrx_word' id='word_1_142' title='bbox 197 3687 227 3754; x_wconf 88' lang='lat'><strong>3.</strong></span> <span class='ocrx_word' id='word_1_143' title='bbox 258 3660 431 3733; x_wconf 82' lang='lat' dir='ltr'><strong>Formula</strong></span> <span class='ocrx_word' id='word_1_144' title='bbox 460 3663 647 3734; x_wconf 87' lang='lat' dir='ltr'><strong>aebba.</strong></span> 
     </span>
     <span class='ocr_line' id='line_1_29' title="bbox 86 3787 1382 3887; baseline 0.002 -25"><span class='ocrx_word' id='word_1_145' title='bbox 86 3791 285 3862; x_wconf 89' lang='lat' dir='ltr'><strong>cverbum</strong></span> <span class='ocrx_word' id='word_1_146' title='bbox 311 3807 370 3862; x_wconf 89' lang='lat' dir='ltr'><strong>est</strong></span> <span class='ocrx_word' id='word_1_147' title='bbox 405 3814 432 3873; x_wconf 91' lang='lat'><strong>1,</strong></span> <span class='ocrx_word' id='word_1_148' title='bbox 444 3797 544 3881; x_wconf 84' lang='lat' dir='ltr'>3,6o:</span> <span class='ocrx_word' id='word_1_149' title='bbox 590 3787 710 3861; x_wconf 87' lang='lat' dir='ltr'><strong>Dulce</strong></span> <span class='ocrx_word' id='word_1_150' title='bbox 753 3806 888 3862; x_wconf 87' lang='lat' dir='ltr'>sonant</span> <span class='ocrx_word' id='word_1_151' title='bbox 916 3791 1015 3862; x_wconf 89' lang='lat' dir='ltr'><strong>tenui</strong></span> <span class='ocrx_word' id='word_1_152' title='bbox 1043 3808 1191 3887; x_wconf 82' lang='lat' dir='ltr'><strong>gutture</strong></span> <span class='ocrx_word' id='word_1_153' title='bbox 1223 3817 1382 3865; x_wconf 88' lang='lat' dir='ltr'><strong>carmen.</strong></span> 
     </span>
     <span class='ocr_line' id='line_1_30' title="bbox 202 3919 478 4008; baseline 0 -20"><span class='ocrx_word' id='word_1_154' title='bbox 202 3921 332 4008; x_wconf 78' lang='lat'>1‚8‚42.</span> <span class='ocrx_word' id='word_1_155' title='bbox 366 3919 478 4008; x_wconf 82' lang='lat'>3‚3‚8.</span> 
     </span>
     <span class='ocr_line' id='line_1_31' title="bbox 86 4043 1381 4142; baseline 0.001 -25"><span class='ocrx_word' id='word_1_156' title='bbox 86 4072 105 4117; x_wconf 93' lang='lat' dir='ltr'>c</span> <span class='ocrx_word' id='word_1_157' title='bbox 136 4045 349 4117; x_wconf 81' lang='lat' dir='ltr'><strong>adverbium</strong></span> <span class='ocrx_word' id='word_1_158' title='bbox 370 4060 428 4116; x_wconf 88' lang='lat' dir='ltr'><strong>est</strong></span> <span class='ocrx_word' id='word_1_159' title='bbox 452 4051 590 4134; x_wconf 80' lang='lat'>1‚9,16:</span> <span class='ocrx_word' id='word_1_160' title='bbox 614 4043 799 4117; x_wconf 81' lang='lat' dir='ltr'>Invalidos</span> <span class='ocrx_word' id='word_1_161' title='bbox 822 4063 860 4117; x_wconf 89' lang='lat' dir='ltr'><strong>et</strong></span> <span class='ocrx_word' id='word_1_162' title='bbox 878 4050 936 4117; x_wconf 87' lang='lat' dir='ltr'><strong>via</strong></span> <span class='ocrx_word' id='word_1_163' title='bbox 952 4044 1066 4142; x_wconf 82' lang='lat' dir='ltr'>longa</span> <span class='ocrx_word' id='word_1_164' title='bbox 1082 4046 1213 4141; x_wconf 79' lang='lat' dir='ltr'><strong>pedes,</strong></span> <span class='ocrx_word' id='word_1_165' title='bbox 1247 4069 1381 4138; x_wconf 80' lang='lat'>3,4,31.</span> 
     </span>
     <span class='ocr_line' id='line_1_32' title="bbox 87 4173 1383 4269; baseline 0.001 -25"><span class='ocrx_word' id='word_1_166' title='bbox 87 4174 363 4267; x_wconf 85' lang='lat' dir='ltr'><strong>epraepositio</strong></span> <span class='ocrx_word' id='word_1_167' title='bbox 406 4190 464 4245; x_wconf 89' lang='lat' dir='ltr'><strong>est</strong></span> <span class='ocrx_word' id='word_1_168' title='bbox 499 4196 583 4265; x_wconf 79' lang='lat'>3‚4‚</span> <span class='ocrx_word' id='word_1_169' title='bbox 602 4197 666 4264; x_wconf 81' lang='lat'><strong>30:</strong></span> <span class='ocrx_word' id='word_1_170' title='bbox 710 4173 825 4244; x_wconf 89' lang='lat' dir='ltr'><strong>Color</strong></span> <span class='ocrx_word' id='word_1_171' title='bbox 868 4173 903 4245; x_wconf 88' lang='lat' dir='ltr'><strong>in</strong></span> <span class='ocrx_word' id='word_1_172' title='bbox 947 4174 1054 4246; x_wconf 88' lang='lat' dir='ltr'><strong>niveo</strong></span> <span class='ocrx_word' id='word_1_173' title='bbox 1097 4198 1258 4269; x_wconf 87' lang='lat' dir='ltr'><strong>corpore</strong></span> <span class='ocrx_word' id='word_1_174' title='bbox 1299 4200 1383 4269; x_wconf 88' lang='lat' dir='ltr'><strong>pur-</strong></span> 
     </span>
     <span class='ocr_line' id='line_1_33' title="bbox 196 4326 341 4394; baseline -0.007 -23"><span class='ocrx_word' id='word_1_175' title='bbox 196 4326 341 4394; x_wconf 89' lang='lat' dir='ltr'><strong>pureus.</strong></span> 
     </span>
    </p>
   </div>
   <div class='ocr_carea' id='block_1_6' title="bbox 0 0 1542 4980">
    <p class='ocr_par' dir='ltr' id='par_1_6' title="bbox 0 0 1542 4980">
     <span class='ocr_line' id='line_1_34' title="bbox 0 0 1542 4980; baseline 0 0"><span class='ocrx_word' id='word_1_176' title='bbox 0 0 1542 4980; x_wconf 95' lang='lat' dir='ltr'><strong> </strong></span> 
     </span>
    </p>
   </div>
  </div>
 </body>
</html>
