3074 4980
78 469 192 564 Quod
221 469 369 567 quando
397 468 532 541 sactum
560 466 607 540 sit
634 468 838 540 accuratius
865 467 972 540 statui
1002 492 1114 562 quum
1143 491 1216 538 non
1236 464 1370 561 possit,

71 596 267 671 ‹verisimile
296 614 356 671 est
385 596 585 692 Hauptium
613 599 698 690 (act.
728 620 805 669 soc.
833 597 894 669 litt.
923 595 1059 669 saxon.
1091 596 1112 678 l,
1147 599 1234 690 256)
1268 612 1369 667 recte

78 724 211 800 Tibulli
246 726 404 800 carmina
438 727 509 797 iam
545 722 698 798 saeculo
727 725 814 797 XIV
842 722 941 797 lecta
984 748 1070 795 esse
1108 747 1181 794 non
1218 748 1370 818 negare.

78 854 213 951 Neque
236 855 274 926 id
287 853 502 927 incredibile
518 869 589 941 est,
605 853 825 948 praesertim
851 877 959 949 quum
983 851 1141 923 sciamus
1157 848 1375 923 Guilelmum

77 983 355 1080 Pastrengicum
393 979 692 1084 (1290—1365)
730 980 764 1052 in
801 979 892 1053 libro
931 979 979 1052 de
1018 979 1219 1073 originibus
1257 1005 1376 1051 rerum

52 1122 205 1183 ‘versus
233 1110 415 1206 quosdam
444 1105 575 1181 Tibulli
604 1106 768 1180 attulisse
799 1109 839 1203 (Ι,
873 1125 903 1198 7,
936 1106 1108 1208 29-*36)
1138 1131 1283 1202 eosque
1323 1132 1370 1179 ex

21 1287 31 1307 .
78 1235 208 1308 codice
245 1236 406 1332 quodam
438 1234 568 1308 Tibulli
614 1252 754 1308 sumtus
793 1261 878 1309 esse
917 1259 1037 1330 aeque
1082 1233 1277 1307 verisimile
1315 1252 1375 1306 est

78 1378 202 1460 atque,
239 1380 277 1436 ut
313 1379 418 1459 putat
446 1364 722 1452 Muellerus,
763 1390 811 1436 ex
851 1360 997 1437 scholiis
1036 1361 1229 1436 luvenalis.
1287 1360 1377 1434 Illud

78 1467 325 1588 apographon
351 1493 448 1565 unde
477 1491 634 1588 profecti
669 1517 793 1565 sumus
830 1492 978 1564 omnino
1015 1516 1088 1563 non
1127 1488 1210 1563 ante
1244 1516 1377 1563 annum

38 1645 44 1661 ·
84 1642 182 1709 1400
208 1636 349 1692 erutum
378 1645 464 1692 esse
505 1635 653 1693 veteres
695 1620 860 1693 editores
896 1646 1006 1716 quum
1045 1633 1257 1702 statuerent,
1294 1615 1377 1691 illos

77 1773 205 1820 versus
252 1747 324 1820 alio
365 1774 412 1821 ex
458 1746 551 1821 libro
596 1764 734 1820 sumtos
778 1773 863 1820 esse
907 1747 1029 1820 coacti
1073 1762 1155 1818 sunt
1190 1746 1375 1820 conicere.

78 1873 333 1948 Muellerus
370 1893 568 1972 praeterea
594 1901 641 1948 ex
667 1878 736 1949 hoc
766 1874 965 1972 exemplari
995 1876 1092 1948 aliud
1134 1872 1284 1947 saeculo
1326 1873 1379 1946 XI

79 2003 273 2077 deductum
302 2029 388 2077 esse
417 2005 596 2101 opinatur,
631 2030 677 2076 ex
712 2029 784 2099 quo
823 2019 910 2076 nata
943 2019 1028 2076 sunt
1065 2021 1243 2098 excerpta
1279 2028 1377 2098 quae

79 2133 245 2206 dicuntur
286 2133 546 2228 Frisingensia‚
589 2157 684 2228 quae
721 2147 868 2205 exstant
890 2125 942 2203 ¹in
985 2132 1114 2204 codice
1158 2129 1379 2203 Monacensi

81 2266 195 2351 6292.
253 2261 361 2334 Haec
391 2278 569 2358 excerpta
596 2276 670 2332 tarn
697 2286 813 2356 parva
842 2286 926 2334 esse
956 2258 1064 2361 valde
1094 2257 1295 2332 dolendum
1320 2273 1381 2330 est

79 2389 164 2485 quia
193 2415 216 2460 a
244 2389 371 2486 quavis
399 2388 684 2487 interpolatione
713 2388 888 2461 immunia¹
911 2403 1003 2461 sunt.

186 2513 358 2609 Denique
388 2541 436 2588 ex
462 2515 538 2588 hoc
567 2514 679 2589 multa
716 2517 786 2588 alia
814 2498 1036 2613 apographa
1063 2515 1242 2586 fluxerunt
1280 2539 1378 2609 quae

81 2642 128 2713 ab
157 2641 252 2714 Italis
282 2658 455 2739 corrupta
484 2660 577 2718 sunt.

194 2768 233 2873 3)
262 2770 426 2845 Tertium
455 2774 698 2869 apographon
728 2789 831 2847 caret
850 2773 960 2846 libro
997 2787 1127 2868 quarto
1167 2771 1378 2868 elegiarum,

84 2900 201 2972 altero
229 2914 268 2971 et
294 2901 402 2973 tertio
432 2901 601 2974 inunum
630 2901 837 2974 contractis.
893 2899 1008 2994 Quod
1037 2914 1218 2973 testantur
1256 2896 1377 2971 titulus

84 3027 232 3124 quidam
261 3028 296 3100 in
324 3031 498 3128 catalogo
529 3056 551 3102 a
580 3030 743 3126 Hauptio
772 3030 872 3103 edito
909 3027 1086 3130 (Hermes
1122 3028 1173 3112 ΙΙΙ,
1214 3026 1305 3129 221)
1342 3043 1381 3099 et

56 3181 58 3185 ’
84 3172 260 3252 excerpta
275 3157 452 3229 Vincentii
464 3157 751 3231 Bellovacensis.
783 3159 912 3254 Nuper
927 3174 1052 3230 tamen
1068 3157 1115 3230 Ο.
1136 3156 1295 3228 Richte
1307 3180 1380 3226 rus

83 3282 349 3355 demonstravit
386 3283 616 3358 Vincentium
659 3312 732 3360 non
774 3287 915 3374 codice,
957 3286 1028 3359 sed
1070 3283 1148 3358 aliis
1192 3283 1380 3379 excerptis

83 3436 186 3483 usum
214 3435 299 3483 esse
327 3436 423 3506 quae
451 3415 682 3499 etiamnunc
710 3430 856 3489 servata
885 3429 969 3486 sunt
995 3438 1169 3509 quaeque
1197 3427 1377 3506 excerpta

84 3538 246 3611 Parisina
265 3555 451 3612 vocantur.
480 3540 586 3617 Talia
605 3543 738 3638 primus
759 3542 828 3616 Ed.
850 3539 1007 3615 VVoell
1012 3542 1030 3614 s
1033 3540 1155 3625 linus
1182 3541 1216 3612 in
1245 3540 1379 3613 codice

83 3665 246 3738 Parisino
293 3688 416 3761 17903
461 3667 787 3770 (Nostradamensi
833 3669 921 3774 188)
954 3670 1097 3744 invenit.
1157 3666 1380 3765 (Philologus

82 3793 260 3890 XXVIlp
282 3803 514 3894 152—157).
545 3798 711 3872 Alterum
737 3798 917 3887 codicem,
943 3799 1141 3872 Parisinum
1160 3803 1258 3890 7647
1278 3819 1383 3868 saec.

82 3921 283 4029 XIl-Xlll
301 3924 469 3999 ¹adhibuit
493 3926 584 4000 Gus
597 3943 728 4002 tavus
744 3928 973 4023 Meyncke
997 3927 1104 4024 (Mus.
1130 3924 1250 3998 Rhen.
1267 3923 1379 3996 XXV

86 4051 319 4153 369—392).
375 4053 438 4126 Ad
466 4072 593 4129 cetera
622 4072 798 4152 excerpta
827 4054 1057 4130 diiudicanda
1084 4053 1220 4126 sufficit
1260 4053 1383 4123 codex

83 4177 141 4252 ille
170 4180 505 4270 Nostradamensis,
526 4185 612 4282 quia
630 4184 881 4280 anthologiam
901 4182 967 4257 illis
983 4183 1184 4280 pleniorem
1208 4181 1382 4254 continet.

190 4308 247 4380 Ex
272 4309 328 4382 his
358 4314 586 4409 apographis
616 4311 768 4387 saeculo
798 4312 870 4386 XV
898 4313 1029 4408 ingens
1050 4309 1239 4384 multitudo
1255 4334 1382 4403 exem.

83 4435 232 4532 plarium
261 4439 357 4511 facta
387 4456 454 4513 est.
512 4441 678 4533 Quorum
707 4469 754 4514 ex
783 4467 938 4544 numero⁸
976 4441 1232 4512 Lachmannus
1270 4439 1387 4534 elegit
