3074 4980
711 269 747 334 15

10 444 14 451 ⁵
68 494 91 542 e
126 470 258 568 rapido
277 466 306 573 ¹)
340 469 475 544 sentiet
508 495 594 544 esse
632 471 733 545 mari.
770 478 935 563 4,1,126.
979 493 1063 564 193.
1094 514 1146 525 -
1180 469 1307 567 Asper
1337 495 1369 560 ι,

71 623 181 690 9‚2o:
224 598 487 696 Asperaquest
512 597 560 672 illi
596 599 827 697 difficilisque
857 598 997 673 Venus.
1027 602 1197 692 4,1‚128.
1228 622 1368 691 4,4‚14.

10 786 12 791 .
68 727 195 800 Durus
236 737 375 822 1‚1‚56:
408 727 457 800 Et
491 728 611 801 sedeo
640 729 751 801 duras
786 727 919 801 ianitor
952 743 1039 801 ante
1076 726 1187 802 sores.
1229 733 1368 819 1‚6,69.

72 878 238 948 1,1o‚49.
270 862 404 950 2,3‚61.
446 859 583 944 2,6‚28.
620 881 732 950 3‚2‚3.
767 865 904 951 3,4,76.
936 880 999 947 9²·
1054 855 1202 930 Immitis
1234 876 1370 949 1‚1,45:

66 982 192 1075 Quam
219 984 323 1058 iuvat
349 985 507 1058 immites
525 1002 659 1060 ventos
688 985 815 1058 audire
834 985 1042 1059 cubantem.
1069 987 1207 1077 1‚3,48.
1230 968 1369 1078 3‚4,74.

63 1154 117 1165 —
149 1111 248 1186 Mitis
278 1135 420 1206 3,4,93:
448 1112 498 1186 Et
517 1110 630 1209 longe
653 1129 738 1187 ante
758 1111 850 1189 alias
871 1137 1002 1186 omnes
1022 1098 1210 1187 mitisdima
1235 1127 1366 1187 mater.

63 1244 205 1332 3,6‚11.
234 1238 354 1313 Mollis
375 1246 518 1334 336,16:
547 1240 647 1314 Vicit
673 1256 712 1314 et
737 1241 924 1315 indomitis
953 1241 1077 1314 mollia
1105 1240 1220 1313 corda
1248 1239 1364 1314 dedit.

66 1373 207 1462 3.4,76.
237 1369 349 1442 Lenis
369 1370 478 1454 1,8,2:
510 1367 657 1463 Quidve
687 1370 807 1444 ferant
826 1369 902 1442 miti
920 1368 1019 1442 lenia
1038 1369 1158 1442 verba
1187 1393 1294 1443 sono,
1315 1413 1368 1423 -

62 1493 229 1570 Blandus
268 1517 385 1591 3‚3‚2:
421 1498 610 1594 Multaque
644 1521 725 1571 cum
763 1496 901 1571 blanda
934 1513 1015 1571 tura
1050 1497 1203 1570 dedisse
1238 1521 1366 1593 prece.

66 1632 204 1717 3,4,75.
237 1630 378 1718 3‚6‚46.
426 1626 544 1699 Carus
574 1634 714 1718 3‚6‚12:
742 1626 862 1700 Fallat
889 1651 973 1698 eum
1003 1641 1103 1699 tecto
1130 1651 1218 1698 cara
1243 1626 1367 1721 puella

62 1752 166 1826 dolo.
222 1754 348 1826 Dulcis
392 1759 530 1846 1,6‚63:
566 1754 658 1828 Vive
697 1756 758 1828 diu
792 1755 893 1839 mihi,
930 1754 1048 1827 dulcis
1086 1779 1186 1826 anus.
1227 1774 1365 1847 1,7‚47.

70 1890 395 1972 1,10,11.2‚6,47.
421 1891 528 1974 3,6,9.
550 1902 662 1975 4,5,7.
693 1883 852 1956 Amarus
882 1905 1020 1972 2‚4‚11:
1050 1881 1154 1954 Nunc
1182 1897 1221 1954 et
1241 1905 1368 1953 amara
1445 1896 1452 1911 ¹

63 2009 147 2082 dies
184 2025 224 2082 et
260 2011 377 2082 noctis
414 2011 572 2083 amarior
604 2014 779 2086 umbrast.
838 2010 1011 2083 Acerbus
1046 2012 1181 2101 1,6,84:
1210 2009 1367 2104 Spectat

64 2152 104 2210 et
123 2135 246 2229 infidis
276 2163 385 2233 quam
421 2139 468 2211 sit
497 2140 634 2212 acerba
671 2155 810 2212 monet.
848 2144 982 2229 2,6,41.
1012 2161 1152 2229 4,14‚4.
1182 2181 1232 2191 -
1262 2137 1367 2208 Felix

65 2286 209 2357 3,4‚40:
247 2263 393 2338 Felices
431 2283 560 2340 cantus
596 2292 662 2339 ore
691 2282 848 2340 sonante
878 2265 994 2339 dedit.
1050 2266 1179 2338 Infelix
1220 2270 1363 2356 1‚4‚6o:

64 2391 241 2489 Quisquis
278 2419 341 2482 es,
380 2392 522 2480 infelix,
555 2412 689 2492 urgeat
721 2422 809 2469 ossa
845 2393 950 2492 Iapis.
984 2439 1033 2450 -
1070 2395 1209 2467 Laetus
1247 2415 1362 2485 2,2‚3:

61 2521 148 2617 Ipsa
186 2522 313 2595 Venus
355 2525 476 2596 laetos
517 2525 587 2598 iam
628 2550 721 2598 nunc
763 2525 932 2622 migravit
972 2522 1005 2596 in
1046 2545 1174 2619 agros.
1223 2539 1362 2614 2,3‚47.

62 2670 229 2743 4,1,134.
271 2642 424 2724 locosus
455 2658 597 2745 3,6‚2o:
654 2651 726 2747 Qui
755 2678 797 2724 se
833 2653 969 2748 quique
1004 2676 1076 2723 una
1113 2650 1197 2723 vina
1233 2648 1363 2722 iocosa

62 2775 200 2852 colunt.
243 2777 425 2853 Sollicitus
465 2804 498 2873 3,
513 2805 549 2873 4,
570 2805 637 2854 20:
682 2781 839 2854 Somnus
887 2777 1059 2852 sollicitas
1109 2776 1234 2851 deficit
1276 2792 1363 2850 ante

63 2907 211 2980 domos
262 2900 393 2981 Tristis
436 2932 584 3002 1‚1‚5o:
628 2907 702 3003 Qui
738 2909 848 2982 maris
876 2924 916 2981 et
947 2908 1072 2980 tristes
1103 2905 1200 2979 ferre
1236 2921 1363 3001 potest

61 3031 215 3132 pluvias.
265 3060 395 3128 1‚2,49.
445 3059 548 3130 1,5‚9.
573 3060 631 3130 50.
680 3058 816 3131 1,7‚43.
861 3058 1096 3127 1,1o,11.49.
1143 3038 1360 3126 2‚3,33.65.

46 3156 267 3257 ¹2‚4‚3.12.
319 3167 463 3257 3‚6‚38.
507 3169 626 3256 4‚8‚2.
666 3190 781 3257 4‚9,1.
816 3189 954 3257 4,11‚3.
997 3207 1045 3219 --
1082 3162 1182 3235 Acer
1219 3169 1362 3254 1,6,45:

60 3290 146 3364 Nec
173 3314 299 3366 acrem
318 3294 508 3378 flammam,
537 3319 608 3366 non
628 3319 755 3366 amens
775 3295 933 3366 verbera
955 3309 1052 3365 torta
1080 3291 1192 3363 timet.
1224 3294 1358 3383 2,6,15.

60 3424 190 3511 4,2‚6.·
216 3465 268 3474 —
308 3421 421 3518 Piger
453 3445 621 3513 1,10,40:
665 3421 788 3515 Quem
826 3420 933 3517 prole
966 3436 1098 3517 parata
1136 3434 1298 3514 occupat
1326 3418 1359 3490 in

57 3571 180 3645 parva
206 3548 313 3646 pigra
346 3565 500 3622 senecta
535 3576 632 3623 casa.
688 3550 827 3622 Fessus
864 3572 1010 3642 4,4‚1o:
1051 3546 1285 3642 Quicumque
1322 3561 1361 3619 et

57 3692 189 3749 cantus
223 3699 384 3772 corpora
421 3677 522 3750 sessa
563 3677 696 3752 levant.
732 3702 878 3770 4,11‚2.
921 3722 972 3731 -
1014 3674 1160 3748 Tardus
1200 3675 1276 3762 1,8,
1295 3679 1359 3745 16:

56 3804 143 3878 Nec
180 3804 327 3878 nitidum
362 3808 469 3879 tarda
505 3807 705 3903 compserit
737 3822 817 3880 arte
857 3821 979 3902 caput.
1019 3825 1158 3894 2‚2,19.
1215 3801 1356 3874 Lentus

62 3955 164 4022 1‚10,
174 3933 244 4025 58:
288 3934 385 4005 Inter
418 3951 457 4007 et
492 3935 621 4008 iratum
658 3932 779 4008 lentus
812 3951 1006 4029 utrumque
1043 3930 1164 4003 sedet.
1206 3937 1356 4023 3‚6‚57.

169 4200 235 4269 'lin
253 4204 302 4254 hoc
319 4220 391 4254 versu
418 4205 517 4257 codices
545 4207 664 4274 »rapido«
692 4207 820 4272 praebent.
865 4203 997 4254 »Rabirio«
1022 4209 1059 4252 est
1077 4200 1219 4251 coniectura
1236 4200 1357 4250 italorum

50 4296 149 4363 quibus
166 4295 216 4346 hoc
234 4296 364 4362 epitheton
389 4299 451 4346 mari
473 4299 687 4349 accommodatius
706 4315 760 4350 esse
788 4299 929 4349 videbatur.
968 4295 1087 4346 Solemne
1115 4301 1201 4344 autem
1229 4293 1358 4359 epitheton

50 4388 132 4441 maris
150 4395 176 4438 et
193 4387 325 4438 fluviorum
344 4390 413 4455 apud
431 4391 563 4442 Tibullum
585 4391 716 4457 »rapidus«
737 4398 775 4440 est
792 4406 874 4456 neque
892 4390 967 4439 video
995 4404 1038 4438 cur
1062 4394 1189 4436 mutemus
1213 4384 1358 4452 praesertim

49 4496 135 4547 quum
153 4481 240 4546 paucis
258 4482 369 4531 versibus
388 4491 446 4549 post
464 4492 596 4550 repetatur.
