3074 4980
663 332 680 337 „
741 257 783 319 30

609 458 660 528 ὁὸ.
692 456 910 526 Verborum.

222 667 391 739 Deficere
427 671 562 756 1‚4,82:
595 668 778 740 Deficiunt
809 683 907 739 artes
940 666 1183 761 deficiuntque
1214 663 1300 738 doli.
1343 665 1421 736 De-

116 794 262 889 spicere
299 798 426 886 1‚1,78.
469 795 592 866 Perire
625 817 787 888 2,5,105.
831 797 993 890 Purgare
1027 812 1161 884 2‚1‚17.

597 1060 641 1102 εε.
672 1028 932 1102 Numeralium.

223 1268 370 1335 4,2‚14:
399 1242 497 1316 Mille
527 1244 643 1316 habet
672 1261 836 1334 ornatus
866 1239 963 1314 mille
994 1243 1174 1313 decenter
1203 1240 1329 1311 babet.

583 1505 636 1591 ζζ.
667 1501 947 1572 Aduerbiorum.

221 1712 303 1784 Huc
324 1737 440 1802 4,4‚1:
473 1713 554 1785 Huc
575 1716 669 1786 ades
690 1729 727 1786 et
745 1732 897 1786 tenerae
918 1715 1070 1785 morbos
1091 1709 1235 1806 expelle
1257 1709 1416 1805 puellae,

116 1840 185 1911 huc
216 1842 309 1911 ades
337 1841 495 1929 intonsa,
525 1842 675 1914 Phoebe
703 1842 876 1936 superbe,
915 1866 1032 1913 coma.
1075 1845 1218 1933 3‚6‚21:
1256 1838 1416 1910 Nimium

117 1967 346 2062 nimiumque.
380 1992 520 2061 1,1‚43:
551 1971 649 2041 Satis
678 1986 745 2053 est,
775 1969 865 2043 satis
893 1986 960 2041 est.

568 2255 622 2318 ηη.
652 2225 955 2298 Interiectionum.

223 2435 307 2507 Heu
343 2439 480 2526 1,4,81:
513 2437 596 2508 Heu
616 2439 687 2509 heu
716 2463 824 2532 quam
854 2439 1044 2510 Marathus
1064 2435 1165 2508 lento
1187 2461 1244 2507 me
1264 2451 1418 2530 torquet

119 2587 254 2634 amore.
288 2587 392 2655 2,3,2.
425 2588 486 2654 49.
521 2569 677 2657 2,5‚108.
707 2585 872 2656 4,r3‚17.

479 2827 512 2908 β.
541 2820 746 2915 Anaphora
773 2823 832 2891 vel
860 2821 1047 2914 repetitio

223 3032 390 3106 Cornific.
431 3034 487 3116 IV,
538 3057 600 3123 13:
638 3032 827 3127 Repetitio
864 3049 923 3103 est
956 3058 1065 3128 quum
1098 3033 1331 3103 continenter
1369 3033 1418 3102 ab

114 3184 186 3230 uno
215 3176 326 3255 atque
356 3160 491 3267 eodem
518 3162 632 3231 verbo
661 3161 694 3231 in
723 3161 834 3231 rebus
864 3158 1034 3232 similibus
1064 3176 1100 3231 et
1128 3159 1280 3231 diversis
1321 3159 1418 3253 prin-

115 3287 209 3381 cipia
238 3270 435 3360 sumuntur.
494 3287 598 3359 Haec
641 3288 832 3359 exornatio
877 3312 985 3383 quum
1026 3289 1172 3358 multum
1208 3287 1417 3358 venustatis

114 3415 239 3499 habet,
260 3430 332 3488 tum
353 3416 545 3511 gravitatis
566 3431 603 3486 et
622 3416 844 3487 acrimoniae
866 3414 1067 3509 plurimum.
1113 3414 1239 3507 Quare
1269 3414 1419 3485 videtur

115 3567 200 3612 esse
221 3542 433 3614 adhibenda
453 3559 492 3614 et
512 3543 558 3614 ad
579 3542 782 3613 ornandam
803 3560 842 3614 et
858 3543 906 3614 ad
922 3543 1178 3638 exaugendam
1198 3541 1419 3614 orationem.

220 3668 329 3761 Quae
359 3671 461 3741 iussit
489 3669 711 3754 Cornificius
742 3668 908 3740 Tibullus
929 3685 1079 3740 secutus
1109 3685 1177 3740 est.
1217 3645 1418 3740 'Attamen

114 3794 284 3892 exempla
312 3823 387 3869 non
416 3798 467 3869 ita
485 3812 568 3868 sunt
596 3796 779 3869 cumulata
806 3815 845 3868 ut
865 3797 976 3869 dictio
996 3794 1143 3890 illepida
1164 3812 1276 3890 atque
1306 3793 1419 3868 inele-

114 3948 208 4016 gans
236 3923 348 3996 fieret.

433 4102 488 4144 αα.
517 4072 749 4168 Anaphorae
779 4072 1102 4144 substantivorum.

222 4284 408 4382 Agricola.
442 4308 581 4378 2,1,51.
614 4307 680 4378 55:
712 4283 889 4382 Agricola
916 4284 1143 4358 adsiduo..
1173 4285 1339 4381 agricola
1379 4304 1421 4359 et

116 4413 224 4484 minio
259 4414 428 4488 suffusus.
490 4415 618 4487 Annus
659 4437 798 4504 1‚4,19:
838 4414 966 4486 Annus
1003 4413 1038 4484 in
1077 4413 1210 4509 apricis
1256 4408 1421 4488 maturat
