3074 4980
81 500 171 568 que.
203 471 330 546 Tellus
356 470 520 569 postulat
548 473 684 546 imbres
707 498 797 567 1‚7,2
805 496 824 566 5
855 491 892 546 et
919 475 952 545 in
972 476 1140 569 proximo
1168 503 1276 548 versu
1304 477 1383 549 her-

80 603 133 674 ba
162 602 343 698 supplicat
365 601 455 695 Jovi.
480 623 617 693 3‚4,91.
650 601 767 673 Terra
789 623 937 693 2,5‚42:
968 601 1090 674 Vocat
1110 621 1276 676 errantes
1299 604 1383 674 hos-

80 729 162 822 pita
190 745 289 801 terra
304 730 431 799 Lares
454 750 590 818 2‚1,43:
617 728 757 800 Hortus
779 729 878 800 bibit.
936 729 1063 801 Litora
1098 749 1213 819 1‚7,9:
1239 730 1386 802 Oceani

78 854 189 926 litora
205 855 411 927 Sanctonici
427 869 606 925 testantur
621 853 821 926 Messallae
838 857 1028 930 honorem.
1050 880 1081 947 3,
1087 880 1120 948 3,
1131 881 1140 927 1
1152 880 1185 947 4.
1211 857 1383 928 Taenare

79 982 160 1054 sive
189 983 258 1054 tuis
287 982 377 1071 sive,
406 981 604 1075 Carysthe,
634 983 714 1054 tuis.

190 1110 339 1182 Montes
368 1127 407 1182 et
435 1111 590 1194 arbores
620 1111 734 1182 rarius
764 1136 786 1180 a
814 1106 960 1181 Tibullo
988 1112 1201 1183 animantur.
1237 1120 1379 1200 1,7,16:

78 1237 115 1307 T
118 1261 228 1309 aurus
258 1234 329 1310 alit.
367 1260 477 1331 1,7‚9:
521 1237 665 1331 Pyrene
695 1252 853 1308 testatur
894 1238 1070 1310 honorem
1103 1236 1313 1311 Messallae.
1350 1263 1380 1326 1,

81 1384 190 1456 3,37:
231 1365 337 1435 Pinus
380 1380 658 1459 contempserat
700 1363 838 1449 undas,
881 1390 957 1459 quo
987 1362 1071 1437 loco
1108 1365 1380 1461 personificatio

78 1517 163 1563 cum
192 1492 430 1586 synecdoche
466 1493 661 1564 coniuncta
696 1508 765 1565 est.
816 1514 983 1584 4,1,171:
1016 1493 1153 1565 Didicit
1181 1494 1261 1565 vitis
1299 1516 1384 1565 con·

79 1619 268 1691 scendere
297 1644 433 1692 ramos,

189 1746 322 1842 Neque
352 1748 502 1842 saepius
530 1747 869 1842 personificationes
888 1748 1088 1819 invenimus
1114 1750 1150 1819 in
1177 1748 1383 1819 nominibus

77 1889 279 1946 ventorum.
322 1901 352 1958 2,
368 1900 403 1965 4,
417 1899 488 1965 40:
544 1875 710 1969 Eripiant
750 1890 876 1969 partas
913 1893 1046 1946 ventus
1083 1893 1121 1947 et
1155 1876 1249 1972 ignis
1286 1900 1382 1971 opes

82 2005 220 2095 3,6,27.
250 2024 414 2093 4,1,124.
458 2027 576 2094 1,1,49
604 2002 744 2074 Auster
782 2019 819 2073 et
859 2012 986 2094 3‚4,96
1016 2003 1136 2075 Notus
1166 2004 1380 2074 animantur.

190 2129 253 2199 Ad
273 2129 420 2202 domum
441 2131 593 2226 eiusque
613 2147 739 2224 partes
760 2130 921 2223 pertinet
952 2137 1097 2221 3,4‚26:
1127 2131 1290 2202 Heroum
1311 2154 1382 2200 nec

81 2253 161 2329 tulit
182 2252 254 2328 ulla
272 2257 414 2330 domus.
451 2261 591 2347 1‚2,79':
623 2258 736 2350 lanua
756 2253 977 2328 difficilis...
998 2259 1117 2345 ianua,
1147 2258 1217 2328 iam
1238 2274 1382 2351 pateas.

84 2406 223 2475 2,4,31.
266 2408 408 2476 1,5,22:
439 2387 541 2457 Area
583 2386 668 2454 dum
705 2409 828 2455 messe
867 2381 948 2456 sole
992 2382 1137 2456 calente
1177 2401 1274 2457 teret
1309 2385 1381 2457 ie.

82 2535 224 2606 operae
254 2538 414 2584 messem
443 2513 477 2584 in
507 2538 595 2584 area
624 2527 753 2583 terent.

190 2639 392 2711 Praeterea
419 2642 519 2712 varia
549 2641 650 2711 addo
676 2640 785 2710 haec:
819 2637 948 2733 Capilli
971 2662 1112 2731 3‚5‚15:
1143 2640 1190 2710 Et
1218 2640 1379 2711 nondum

79 2769 161 2837 cani
181 2767 317 2860 'nigros
344 2766 490 2841 laesere
523 2765 691 2862 capillos.
749 2765 904 2836 Catasta
936 2769 1081 2855 2,3‚6o:
1112 2763 1232 2854 Quem
1260 2789 1375 2858 saepe

76 2894 201 2990 coegit
229 2897 389 2968 barbara
416 2912 600 2992 gypsatos
637 2893 732 2966 lerre
770 2908 914 2964 catasta
941 2893 1073 2986 pedes.
1128 2892 1223 2962 Exta
1258 2896 1378 2981 3,4,6:

76 3021 179 3093 Vera
209 3039 358 3094 monent
386 3007 518 3095 Tuscis
548 3038 633 3093 exta
662 3022 818 3115 probata
845 3021 942 3093 viris.
965 3021 1089 3115 Seges
1123 3041 1265 3107 2,1‚19:
1295 3015 1378 3088 Neu

75 3172 192 3242 seges
231 3151 361 3221 eludat
400 3174 559 3223 messem
594 3146 783 3247 lallacibus
820 3148 957 3219 herbis,
1025 3147 1139 3240 Signa
1188 3145 1376 3238 tubaeque

82 3297 221 3368 1‚1,75:
265 3276 344 3349 Vos
390 3279 497 3374 signa
545 3277 754 3370 tubaeque,
796 3276 845 3346 ite
880 3275 1007 3369 procul
1044 3272 1186 3366 cupidis
1224 3269 1376 3341 volnera

75 3403 174 3476 ferte
203 3404 300 3478 viris,
360 3406 452 3478 Vina
483 3427 625 3491 2·‚1‚29:
657 3403 749 3474 Vina
779 3403 875 3474 diem
907 3402 1111 3474 celebrent.

185 3527 324 3601 Omnes
352 3530 424 3602 hae
452 3557 512 3603 res
540 3531 773 3614 inanimatae,
802 3532 849 3601 de
880 3530 1011 3624 quibus
1033 3522 1203 3620 exempla
1227 3522 1375 3618 protuli-

76 3680 174 3739 πως,
210 3657 243 3728 in
281 3684 401 3730 rerum
439 3676 567 3732 natura
604 3673 718 3730 erant.
774 3657 989 3728 Transimus
1016 3681 1110 3728 nunc
1140 3654 1188 3726 ad
1219 3678 1285 3724 eas
1315 3678 1375 3724 res

74 3784 293 3857 inanimatas
321 3813 417 3882 quae
446 3788 514 3858 sub
544 3812 675 3859 sensus
712 3809 783 3855 non
818 3785 964 3855 cadunt.
1023 3779 1373 3853 Personificationes

72 3910 236 3996 Amoris,
273 3914 442 4004 Decoris‚
474 3913 672 4009 Cupidinis
702 3911 899 3995 Fortunae,
928 3911 1062 3997 Fortis
1094 3909 1214 3996 Genii,
1258 3908 1374 3994 Pacis,

72 4040 235 4128 Poenae,
266 4041 448 4131 Rumoris‚
469 4042 573 4137 Spei,
604 4040 794 4112 Victoriae
815 4065 924 4133 quum
946 4037 1159 4110 notissimae
1181 4036 1263 4123 sint,
1285 4036 1374 4107 satis

70 4166 290 4240 habebimus
310 4166 411 4242 locos
432 4170 577 4243 afferre.
609 4169 728 4238 Amor
754 4189 888 4257 1‚3,21.
915 4189 1050 4256 1,4‚4o.
1076 4169 1187 4252 1,6‚2.
1215 4183 1374 4255 1,1o,57.

77 4296 214 4382 2‚1,8o.
235 4301 368 4382 2,2,18,
393 4317 575 4388 2,3,4.71.
610 4317 720 4384 2,4,4.
733 4314 794 4384 52.
828 4298 991 4384 2,5,106.
1031 4295 1214 4381 2,6,1.15.
1240 4294 1375 4381 3,4,65.

74 4427 266 4514 3,6,4.17.
314 4432 430 4510 4‚2‚6.
475 4430 615 4515 4,6,12.
669 4419 787 4491 Amor
816 4434 855 4490 et
890 4419 1019 4491 Decor
1056 4420 1169 4506 4‚2,8.
1228 4415 1374 4510 Cupido

1123 4566 1137 4599 2
