3074 4980
116 433 267 488 vocatur
296 434 408 512 atque
439 417 506 488 hoc
535 418 649 487 modo
689 415 874 488 definitur:
923 415 1067 487 Litotes
1097 415 1136 487 fit
1169 414 1414 511 quotiescum-

116 568 188 637 que
228 545 343 615 minus
380 545 533 616 diximus
563 559 601 616 et
628 546 709 638 plus
745 543 992 640 significamus
1022 568 1089 636 per
1118 543 1338 614 contrarium
1369 541 1419 613 in-

119 667 355 764 tellegentes

223 797 389 870 Tibullus
427 799 522 870 haec
560 800 719 893 praebet
756 800 945 893 exempla:
983 803 1122 890 r,3,61:
1166 798 1256 870 Fert
1284 798 1423 870 casiam

117 952 190 997 non
227 928 324 999 culta
359 953 486 1021 seges,
523 928 632 1011 1,8,6:
676 928 761 998 Non
792 928 881 1000 sine.
919 902 1084 1018 1,¹10‚51:
1128 924 1228 998 Male
1263 926 1422 998 sobrius,

120 1057 267 1145 3‚2,28:
298 1054 443 1126 Aversa
462 1026 560 1125 ῐιοη.ι
576 1076 720 1145 3,4,49:
753 1054 837 1126 Non
858 1053 976 1126 fallare
1008 1077 1185 1143 4,1,112:
1217 1054 1318 1125 Haut
1335 1079 1423 1126 una.

224 1179 476 1253 Volkmannus
505 1208 537 1275 p.
566 1199 634 1272 371
668 1181 749 1252 huie
779 1196 888 1276 tropo
918 1182 1031 1254 etiam
1061 1181 1352 1277 euphemismum
1383 1197 1424 1252 et

119 1333 326 1402 oxymoron
346 1309 527 1381 adtribuit.
574 1309 793 1403 Oxymoron
816 1309 922 1381 nobis
945 1325 1092 1382 exstare
1112 1310 1255 1381 videtur
1278 1332 1376 1400 3,2‚2
1384 1332 1422 1400 3:

118 1437 175 1509 Sit
201 1437 282 1508 mihi
311 1454 513 1532 paupertas
543 1452 663 1508 tecum
688 1437 859 1510 iucunda.

531 1742 565 1806 6.
623 1735 996 1830 Periphrasis

225 1946 346 2037 Quint.
377 1946 467 2034 Vlll,
500 1952 606 2037 6‚59:
643 1945 806 2018 Pluribus
837 1965 959 2020 autem
988 1949 1110 2020 verbis
1141 1973 1222 2019 cum
1251 1949 1288 2019 id
1317 1949 1422 2044 quod

118 2098 190 2144 uno
219 2089 281 2144 aut
309 2075 545 2168 paucioribus
574 2092 676 2147 certe
706 2075 777 2146 dici
806 2092 932 2170 potest
960 2074 1175 2170 explicatur,
1205 2083 1422 2171 περίφρασιν

117 2217 267 2283 vocant,
306 2202 488 2273 circuitum
518 2203 704 2298 quendam
734 2205 945 2299 eloquendi,
977 2205 1038 2299 qui
1067 2228 1327 2299 nonnunquam
1358 2229 1419 2275 ne-

117 2328 330 2400 cessitatem
358 2329 484 2417 habet,
515 2331 688 2426 quotiens
727 2331 826 2403 dictu
865 2332 1048 2403 deformia
1086 2331 1219 2426 operit.
1275 2330 1421 2402 Interim

6 2524 9 2532 .
117 2473 283 2529 ornatum
310 2459 404 2551 petit
430 2457 557 2545 solum,
587 2475 624 2529 ut
650 2461 868 2554 saepissime
897 2461 996 2553 apud
1024 2475 1228 2555 poetas-
1270 2459 1420 2530 Tamen

119 2581 283 2655 Tibullus
314 2610 358 2656 ea
386 2611 504 2680 saepe
533 2611 604 2656 non
634 2613 720 2658 usus
751 2606 817 2659 est.

229 2732 371 2805 1‚3,73:
402 2715 471 2785 lllic
499 2714 673 2786 lunonem
702 2731 884 2809 temptare
913 2715 1086 2787 lxionis
1116 2715 1193 2787 ausi
1223 2731 1421 2787 versantur

116 2835 227 2910 celeri
263 2841 399 2912 noxia
440 2843 646 2913 membra
688 2860 780 2914 rota.
831 2847 961 2933 1‚7,8:
1008 2844 1241 2938 Memphiten
1268 2845 1419 2916 bovem.

123 2969 235 3055 1,8,4:
279 2967 418 3040 Cantus
457 2969 532 3040 avis
561 2971 748 3062 praecinit.
795 2993 941 3063 2‚1,47:
985 2969 1102 3043 Calidi
1135 2971 1266 3043 sideris
1295 2987 1418 3044 aestu.

119 3115 261 3186 2,3‚47:
291 3094 470 3190 Fictaque
501 3096 665 3168 Cumana
693 3095 833 3168 lubrica
862 3115 960 3170 terra
989 3115 1079 3170 rota.
1112 3107 1258 3190 2,4‚56:
1297 3098 1418 3170 Thes-

116 3218 195 3292 sala
224 3239 331 3294 terra.
378 3226 520 3314 3‚1,28:
552 3222 691 3295 Pallida
718 3225 813 3296 Ditis
842 3250 950 3320 aqua.
984 3228 1132 3317 3,3‚38:
1174 3226 1268 3298 Ditis
1304 3215 1418 3321 aqua.

118 3373 259 3440 3‚2‚13:
297 3350 375 3422 Sed
408 3351 531 3423 veniat
568 3377 678 3423 carae
714 3354 838 3423 matris
876 3353 1052 3425 comitata
1089 3351 1228 3425 dolore.
1269 3378 1418 3447 3‚4‚43:

117 3475 214 3547 Cura
243 3477 366 3550 deum.
399 3501 541 3569 3,4,91:
579 3479 756 3574 Scythiae
784 3482 899 3552 tellus.
932 3501 1048 3572 3,5,5:
1088 3482 1242 3576 Nigram
1271 3482 1417 3557 horam.

117 3609 233 3696 3,6,7:
261 3605 400 3677 Durum
425 3631 534 3678 curae
556 3632 684 3702 genus.
716 3631 885 3698 4‚1‚139:
914 3609 1092 3681 Theraeo
1121 3608 1227 3681 tellus
1256 3611 1419 3683 obsessa

118 3733 263 3803 colono

556 3925 587 3994 7.
645 3903 981 3998 Hyperbole.

225 4111 469 4208 Hyperbolen
491 4115 701 4188 audacioris
722 4133 872 4189 ornatus
896 4145 1035 4191 summo
1056 4123 1144 4192 loco
1166 4122 1288 4216 posuit
1303 4123 1416 4215 Quin-

114 4239 255 4312 tilianus
285 4241 374 4328 Vlss,
407 4247 508 4331 6‚67.
566 4244 634 4314 Est
672 4245 763 4315 haee
798 4244 937 4318 decens
971 4248 1048 4319 veri
1083 4250 1305 4343 superiectio
1341 4276 1429 4343 qua-

113 4366 276 4443 Tibullus
306 4367 361 4442 bis
390 4385 529 4444 tantum
559 4397 646 4444 usus
677 4387 746 4448 est.
