<?xml version="1.0" encoding="UTF-8"?>
<!DOCTYPE html PUBLIC "-//W3C//DTD XHTML 1.0 Transitional//EN"
    "http://www.w3.org/TR/xhtml1/DTD/xhtml1-transitional.dtd">
<html xmlns="http://www.w3.org/1999/xhtml" xml:lang="en" lang="en">
 <head>
  <title>
</title>
<meta http-equiv="Content-Type" content="text/html;charset=utf-8" />
  <meta name='ocr-system' content='tesseract 3.04.00' />
  <meta name='ocr-capabilities' content='ocr_page ocr_carea ocr_par ocr_line ocrx_word'/>
</head>
<body>
  <div class='ocr_page' id='page_1' title='image "./detropisetfigur01hansgoog_0023.png"; bbox 0 0 3074 4980; ppageno 0'>
   <div class='ocr_carea' id='block_1_1' title="bbox 802 245 839 304">
    <p class='ocr_par' dir='ltr' id='par_1_1' title="bbox 802 245 839 304">
     <span class='ocr_line' id='line_1_1' title="bbox 802 245 839 304; baseline 0 0"><span class='ocrx_word' id='word_1_1' title='bbox 802 245 839 304; x_wconf 88' lang='lat'>18</span> 
     </span>
    </p>
   </div>
   <div class='ocr_carea' id='block_1_2' title="bbox 713 333 925 343">
    <p class='ocr_par' dir='ltr' id='par_1_2' title="bbox 713 333 925 343">
     <span class='ocr_line' id='line_1_2' title="bbox 713 333 925 343; baseline -0.014 0"><span class='ocrx_word' id='word_1_2' title='bbox 713 333 925 343; x_wconf 79' lang='lat'><strong>—---—-—</strong></span> 
     </span>
    </p>
   </div>
   <div class='ocr_carea' id='block_1_3' title="bbox 376 480 1284 595">
    <p class='ocr_par' dir='ltr' id='par_1_3' title="bbox 376 480 1284 595">
     <span class='ocr_line' id='line_1_3' title="bbox 376 480 1284 595; baseline -0.007 -17"><span class='ocrx_word' id='word_1_3' title='bbox 376 501 770 578; x_wconf 86' lang='lat' dir='ltr'>Person·ificatio</span> <span class='ocrx_word' id='word_1_4' title='bbox 798 498 878 573; x_wconf 87' lang='lat' dir='ltr'>vel</span> <span class='ocrx_word' id='word_1_5' title='bbox 905 480 1284 595; x_wconf 71' lang='lat' dir='ltr'>npoouinonorta.</span> 
     </span>
    </p>
   </div>
   <div class='ocr_carea' id='block_1_4' title="bbox 171 714 1480 1457">
    <p class='ocr_par' dir='ltr' id='par_1_4' title="bbox 171 714 1480 1457">
     <span class='ocr_line' id='line_1_4' title="bbox 278 714 1479 815; baseline -0.005 -24"><span class='ocrx_word' id='word_1_6' title='bbox 278 718 522 814; x_wconf 86' lang='lat' dir='ltr'>Quintilianus</span> <span class='ocrx_word' id='word_1_7' title='bbox 550 716 870 815; x_wconf 89' lang='lat' dir='ltr'>prosopopoeiam</span> <span class='ocrx_word' id='word_1_8' title='bbox 911 715 1003 788; x_wconf 88' lang='lat' dir='ltr'>inter</span> <span class='ocrx_word' id='word_1_9' title='bbox 1039 714 1175 813; x_wconf 86' lang='lat' dir='ltr'>figuras</span> <span class='ocrx_word' id='word_1_10' title='bbox 1211 718 1479 789; x_wconf 86' lang='lat' dir='ltr'>sententiarum</span> 
     </span>
     <span class='ocr_line' id='line_1_5' title="bbox 171 846 1479 942; baseline -0.005 -21"><span class='ocrx_word' id='word_1_11' title='bbox 171 858 348 921; x_wconf 90' lang='lat' dir='ltr'>numerat.</span> <span class='ocrx_word' id='word_1_12' title='bbox 391 846 511 942; x_wconf 86' lang='lat' dir='ltr'>Quem</span> <span class='ocrx_word' id='word_1_13' title='bbox 527 846 840 919; x_wconf 89' lang='lat' dir='ltr'>Volkmannus</span> <span class='ocrx_word' id='word_1_14' title='bbox 869 851 1079 940; x_wconf 83' lang='lat' dir='ltr'>quanquam</span> <span class='ocrx_word' id='word_1_15' title='bbox 1094 860 1243 916; x_wconf 90' lang='lat' dir='ltr'>secutus</span> <span class='ocrx_word' id='word_1_16' title='bbox 1263 860 1330 929; x_wconf 87' lang='lat' dir='ltr'>est,</span> <span class='ocrx_word' id='word_1_17' title='bbox 1351 858 1479 915; x_wconf 88' lang='lat' dir='ltr'>tamen</span> 
     </span>
     <span class='ocr_line' id='line_1_6' title="bbox 175 971 1480 1072; baseline -0.005 -22"><span class='ocrx_word' id='word_1_18' title='bbox 175 977 318 1050; x_wconf 87' lang='lat' dir='ltr'>dubitat</span> <span class='ocrx_word' id='word_1_19' title='bbox 345 1002 428 1049; x_wconf 93' lang='lat' dir='ltr'>num</span> <span class='ocrx_word' id='word_1_20' title='bbox 450 977 568 1072; x_wconf 89' lang='lat' dir='ltr'>figura</span> <span class='ocrx_word' id='word_1_21' title='bbox 589 975 795 1049; x_wconf 89' lang='lat' dir='ltr'>sententiae</span> <span class='ocrx_word' id='word_1_22' title='bbox 824 975 879 1047; x_wconf 91' lang='lat' dir='ltr'>sit.</span> <span class='ocrx_word' id='word_1_23' title='bbox 911 972 1181 1069; x_wconf 87' lang='lat' dir='ltr'>(Volkmann</span> <span class='ocrx_word' id='word_1_24' title='bbox 1202 971 1384 1045; x_wconf 89' lang='lat' dir='ltr'>Rhetorik</span> <span class='ocrx_word' id='word_1_25' title='bbox 1407 972 1480 1044; x_wconf 89' lang='lat' dir='ltr'>der</span> 
     </span>
     <span class='ocr_line' id='line_1_7' title="bbox 175 1098 1480 1200; baseline -0.005 -21"><span class='ocrx_word' id='word_1_26' title='bbox 175 1104 361 1179; x_wconf 84' lang='lat' dir='ltr'>Griechen</span> <span class='ocrx_word' id='word_1_27' title='bbox 389 1104 462 1177; x_wconf 91' lang='lat' dir='ltr'>und</span> <span class='ocrx_word' id='word_1_28' title='bbox 494 1104 634 1178; x_wconf 82' lang='lat' dir='ltr'>Romer</span> <span class='ocrx_word' id='word_1_29' title='bbox 670 1129 704 1200; x_wconf 92' lang='lat' dir='ltr'>p.</span> <span class='ocrx_word' id='word_1_30' title='bbox 748 1105 849 1198; x_wconf 88' lang='lat'>416.)</span> <span class='ocrx_word' id='word_1_31' title='bbox 908 1102 1037 1199; x_wconf 91' lang='lat' dir='ltr'>Itaque</span> <span class='ocrx_word' id='word_1_32' title='bbox 1080 1127 1187 1198; x_wconf 91' lang='lat' dir='ltr'>quum</span> <span class='ocrx_word' id='word_1_33' title='bbox 1218 1098 1396 1200; x_wconf 90' lang='lat' dir='ltr'>simillima</span> <span class='ocrx_word' id='word_1_34' title='bbox 1431 1100 1480 1172; x_wconf 93' lang='lat' dir='ltr'>sit</span> 
     </span>
     <span class='ocr_line' id='line_1_8' title="bbox 173 1213 1477 1330; baseline -0.004 -25"><span class='ocrx_word' id='word_1_35' title='bbox 173 1213 400 1306; x_wconf 82' lang='lat' dir='ltr'>translationi</span> <span class='ocrx_word' id='word_1_36' title='bbox 443 1258 627 1330; x_wconf 88' lang='lat' dir='ltr'>quumque</span> <span class='ocrx_word' id='word_1_37' title='bbox 669 1231 826 1305; x_wconf 88' lang='lat' dir='ltr'>nonnulli</span> <span class='ocrx_word' id='word_1_38' title='bbox 866 1247 1016 1304; x_wconf 89' lang='lat' dir='ltr'>veteres</span> <span class='ocrx_word' id='word_1_39' title='bbox 1069 1231 1240 1304; x_wconf 84' lang='lat' dir='ltr'>rhetores</span> <span class='ocrx_word' id='word_1_40' title='bbox 1280 1256 1363 1303; x_wconf 90' lang='lat' dir='ltr'>eam</span> <span class='ocrx_word' id='word_1_41' title='bbox 1405 1253 1477 1325; x_wconf 93' lang='lat' dir='ltr'>pro</span> 
     </span>
     <span class='ocr_line' id='line_1_9' title="bbox 175 1357 1478 1457; baseline -0.002 -24"><span class='ocrx_word' id='word_1_42' title='bbox 175 1370 288 1457; x_wconf 83' lang='lat' dir='ltr'>tropo&#39;</span> <span class='ocrx_word' id='word_1_43' title='bbox 317 1361 521 1452; x_wconf 85' lang='lat' dir='ltr'>habuerint,</span> <span class='ocrx_word' id='word_1_44' title='bbox 550 1360 662 1434; x_wconf 89' lang='lat' dir='ltr'>liceat</span> <span class='ocrx_word' id='word_1_45' title='bbox 682 1360 789 1432; x_wconf 92' lang='lat' dir='ltr'>nobis</span> <span class='ocrx_word' id='word_1_46' title='bbox 815 1360 989 1432; x_wconf 90' lang='lat' dir='ltr'>hocloco</span> <span class='ocrx_word' id='word_1_47' title='bbox 1017 1384 1101 1432; x_wconf 90' lang='lat' dir='ltr'>eam</span> <span class='ocrx_word' id='word_1_48' title='bbox 1126 1360 1278 1432; x_wconf 87' lang='lat' dir='ltr'>addere.</span> <span class='ocrx_word' id='word_1_49' title='bbox 1333 1357 1478 1430; x_wconf 75' lang='lat' dir='ltr'>Poetae</span> 
     </span>
    </p>
   </div>
   <div class='ocr_carea' id='block_1_5' title="bbox 56 1484 1477 1587">
    <p class='ocr_par' dir='ltr' id='par_1_5' title="bbox 56 1484 1477 1587">
     <span class='ocr_line' id='line_1_10' title="bbox 56 1484 1477 1587; baseline -0.003 -25"><span class='ocrx_word' id='word_1_50' title='bbox 56 1508 57 1513; x_wconf 76' lang='grc'>’</span> <span class='ocrx_word' id='word_1_51' title='bbox 176 1514 308 1562; x_wconf 85' lang='lat' dir='ltr'>omnes</span> <span class='ocrx_word' id='word_1_52' title='bbox 337 1489 414 1563; x_wconf 90' lang='lat' dir='ltr'>fere</span> <span class='ocrx_word' id='word_1_53' title='bbox 442 1489 736 1587; x_wconf 85' lang='lat' dir='ltr'>frequentissime</span> <span class='ocrx_word' id='word_1_54' title='bbox 773 1489 1057 1585; x_wconf 88' lang='lat' dir='ltr'>prosopopoeia</span> <span class='ocrx_word' id='word_1_55' title='bbox 1093 1489 1148 1560; x_wconf 93' lang='lat' dir='ltr'>usi</span> <span class='ocrx_word' id='word_1_56' title='bbox 1175 1504 1259 1561; x_wconf 92' lang='lat' dir='ltr'>sunt</span> <span class='ocrx_word' id='word_1_57' title='bbox 1286 1504 1324 1560; x_wconf 90' lang='lat' dir='ltr'>et</span> <span class='ocrx_word' id='word_1_58' title='bbox 1351 1484 1477 1559; x_wconf 92' lang='lat' dir='ltr'>Tibul·</span> 
     </span>
    </p>
   </div>
   <div class='ocr_carea' id='block_1_6' title="bbox 172 1615 1478 1967">
    <p class='ocr_par' dir='ltr' id='par_1_6' title="bbox 172 1615 1478 1967">
     <span class='ocr_line' id='line_1_11' title="bbox 172 1615 1478 1714; baseline -0.002 -25"><span class='ocrx_word' id='word_1_59' title='bbox 172 1616 228 1691; x_wconf 92' lang='lat' dir='ltr'>lus</span> <span class='ocrx_word' id='word_1_60' title='bbox 256 1642 404 1714; x_wconf 88' lang='lat' dir='ltr'>quoque</span> <span class='ocrx_word' id='word_1_61' title='bbox 433 1617 545 1692; x_wconf 92' lang='lat' dir='ltr'>multa</span> <span class='ocrx_word' id='word_1_62' title='bbox 572 1615 742 1713; x_wconf 91' lang='lat' dir='ltr'>exempla</span> <span class='ocrx_word' id='word_1_63' title='bbox 764 1618 881 1690; x_wconf 84' lang='lat' dir='ltr'>offert.</span> <span class='ocrx_word' id='word_1_64' title='bbox 922 1617 975 1690; x_wconf 90' lang='lat' dir='ltr'>lta</span> <span class='ocrx_word' id='word_1_65' title='bbox 1003 1616 1151 1713; x_wconf 88' lang='lat' dir='ltr'>saepius</span> <span class='ocrx_word' id='word_1_66' title='bbox 1179 1617 1262 1701; x_wconf 77' lang='lat' dir='ltr'>a‘eri,</span> <span class='ocrx_word' id='word_1_67' title='bbox 1293 1616 1478 1688; x_wconf 88' lang='lat' dir='ltr'>sideribus</span> 
     </span>
     <span class='ocr_line' id='line_1_12' title="bbox 175 1743 1477 1842; baseline -0.003 -25"><span class='ocrx_word' id='word_1_68' title='bbox 175 1746 247 1818; x_wconf 93' lang='lat' dir='ltr'>diei</span> <span class='ocrx_word' id='word_1_69' title='bbox 275 1745 448 1842; x_wconf 90' lang='lat' dir='ltr'>noctique</span> <span class='ocrx_word' id='word_1_70' title='bbox 477 1763 596 1819; x_wconf 91' lang='lat' dir='ltr'>motus</span> <span class='ocrx_word' id='word_1_71' title='bbox 626 1746 733 1818; x_wconf 93' lang='lat' dir='ltr'>animi</span> <span class='ocrx_word' id='word_1_72' title='bbox 759 1747 971 1820; x_wconf 89' lang='lat' dir='ltr'>tribuuntur.</span> <span class='ocrx_word' id='word_1_73' title='bbox 1015 1744 1096 1818; x_wconf 83' lang='lat' dir='ltr'>Aer</span> <span class='ocrx_word' id='word_1_74' title='bbox 1111 1747 1281 1835; x_wconf 85' lang='lat'>4‚1‚168:</span> <span class='ocrx_word' id='word_1_75' title='bbox 1312 1743 1477 1816; x_wconf 80' lang='lat' dir='ltr'>Alterius</span> 
     </span>
     <span class='ocr_line' id='line_1_13' title="bbox 173 1870 1476 1967; baseline -0.002 -21"><span class='ocrx_word' id='word_1_76' title='bbox 173 1875 272 1946; x_wconf 88' lang='lat' dir='ltr'>vires</span> <span class='ocrx_word' id='word_1_77' title='bbox 301 1890 410 1946; x_wconf 88' lang='lat' dir='ltr'>necat</span> <span class='ocrx_word' id='word_1_78' title='bbox 438 1884 509 1947; x_wconf 82' lang='lat' dir='ltr'>ae‘r.</span> <span class='ocrx_word' id='word_1_79' title='bbox 565 1872 632 1947; x_wconf 87' lang='lat' dir='ltr'>Sol</span> <span class='ocrx_word' id='word_1_80' title='bbox 663 1880 800 1967; x_wconf 88' lang='lat' dir='ltr'>2,5‚6o:</span> <span class='ocrx_word' id='word_1_81' title='bbox 844 1874 942 1946; x_wconf 89' lang='lat' dir='ltr'>Solis</span> <span class='ocrx_word' id='word_1_82' title='bbox 971 1873 1185 1946; x_wconf 89' lang='lat' dir='ltr'>anhelantes</span> <span class='ocrx_word' id='word_1_83' title='bbox 1215 1870 1328 1944; x_wconf 91' lang='lat' dir='ltr'>abluit</span> <span class='ocrx_word' id='word_1_84' title='bbox 1356 1873 1476 1944; x_wconf 89' lang='lat' dir='ltr'>amnis</span> 
     </span>
    </p>
   </div>
   <div class='ocr_carea' id='block_1_7' title="bbox 47 2001 1477 2101">
    <p class='ocr_par' dir='ltr' id='par_1_7' title="bbox 47 2001 1477 2101">
     <span class='ocr_line' id='line_1_14' title="bbox 47 2001 1477 2101; baseline -0.001 -28"><span class='ocrx_word' id='word_1_85' title='bbox 47 2086 54 2101; x_wconf 39' lang='grc'>1</span> <span class='ocrx_word' id='word_1_86' title='bbox 173 2025 302 2097; x_wconf 83' lang='lat' dir='ltr'>equos,</span> <span class='ocrx_word' id='word_1_87' title='bbox 337 2023 468 2096; x_wconf 82' lang='lat'>2,5,75.</span> <span class='ocrx_word' id='word_1_88' title='bbox 497 2005 635 2093; x_wconf 84' lang='lat'>4,1‚62.</span> <span class='ocrx_word' id='word_1_89' title='bbox 669 2010 728 2092; x_wconf 89' lang='lat'>76.</span> <span class='ocrx_word' id='word_1_90' title='bbox 764 2024 869 2093; x_wconf 89' lang='lat'>123.·</span> <span class='ocrx_word' id='word_1_91' title='bbox 899 2001 1068 2073; x_wconf 88' lang='lat' dir='ltr'>Phoebus</span> <span class='ocrx_word' id='word_1_92' title='bbox 1104 2024 1261 2092; x_wconf 76' lang='lat'>3‚4‚21:</span> <span class='ocrx_word' id='word_1_93' title='bbox 1304 2002 1477 2073; x_wconf 87' lang='lat' dir='ltr'>Phoebus</span> 
     </span>
    </p>
   </div>
   <div class='ocr_carea' id='block_1_8' title="bbox 77 2128 1478 4530">
    <p class='ocr_par' dir='ltr' id='par_1_8' title="bbox 77 2128 1478 2994">
     <span class='ocr_line' id='line_1_15' title="bbox 174 2128 1478 2225; baseline 0 -24"><span class='ocrx_word' id='word_1_94' title='bbox 174 2130 222 2202; x_wconf 89' lang='lat' dir='ltr'>ab</span> <span class='ocrx_word' id='word_1_95' title='bbox 250 2129 350 2202; x_wconf 88' lang='lat' dir='ltr'>Oeta</span> <span class='ocrx_word' id='word_1_96' title='bbox 378 2130 568 2225; x_wconf 91' lang='lat' dir='ltr'>prospicit.</span> <span class='ocrx_word' id='word_1_97' title='bbox 626 2128 730 2201; x_wconf 91' lang='lat' dir='ltr'>Luna</span> <span class='ocrx_word' id='word_1_98' title='bbox 774 2134 916 2218; x_wconf 80' lang='lat'>1‚8‚21:</span> <span class='ocrx_word' id='word_1_99' title='bbox 956 2130 1097 2203; x_wconf 88' lang='lat' dir='ltr'>Cantus</span> <span class='ocrx_word' id='word_1_100' title='bbox 1136 2129 1276 2202; x_wconf 92' lang='lat' dir='ltr'>Lunam</span> <span class='ocrx_word' id='word_1_101' title='bbox 1310 2156 1331 2201; x_wconf 93' lang='lat' dir='ltr'>e</span> <span class='ocrx_word' id='word_1_102' title='bbox 1369 2155 1478 2201; x_wconf 88' lang='lat' dir='ltr'>curru</span> 
     </span>
     <span class='ocr_line' id='line_1_16' title="bbox 173 2258 1476 2352; baseline 0.001 -24"><span class='ocrx_word' id='word_1_103' title='bbox 173 2258 361 2330; x_wconf 83' lang='lat' dir='ltr'>deducere</span> <span class='ocrx_word' id='word_1_104' title='bbox 390 2273 558 2352; x_wconf 90' lang='lat' dir='ltr'>temptat.</span> <span class='ocrx_word' id='word_1_105' title='bbox 586 2260 875 2349; x_wconf 77' lang='lat' dir='ltr'>2‚4‚18.3‚4,2q.</span> <span class='ocrx_word' id='word_1_106' title='bbox 904 2258 1051 2330; x_wconf 82' lang='lat' dir='ltr'>Lucifer</span> <span class='ocrx_word' id='word_1_107' title='bbox 1076 2267 1221 2347; x_wconf 78' lang='lat'>1‚9,62:</span> <span class='ocrx_word' id='word_1_108' title='bbox 1267 2258 1361 2329; x_wconf 80' lang='lat' dir='ltr'>Dum</span> <span class='ocrx_word' id='word_1_109' title='bbox 1388 2274 1476 2330; x_wconf 92' lang='lat' dir='ltr'>rota</span> 
     </span>
     <span class='ocr_line' id='line_1_17' title="bbox 176 2384 1477 2482; baseline 0 -25"><span class='ocrx_word' id='word_1_110' title='bbox 176 2385 332 2457; x_wconf 81' lang='lat' dir='ltr'>Luciferi</span> <span class='ocrx_word' id='word_1_111' title='bbox 371 2401 557 2482; x_wconf 89' lang='lat' dir='ltr'>provocet</span> <span class='ocrx_word' id='word_1_112' title='bbox 594 2384 703 2458; x_wconf 92' lang='lat' dir='ltr'>diem.</span> <span class='ocrx_word' id='word_1_113' title='bbox 758 2385 906 2458; x_wconf 86' lang='lat' dir='ltr'>Aurora</span> <span class='ocrx_word' id='word_1_114' title='bbox 940 2410 1074 2479; x_wconf 81' lang='lat'>1‚3,94:</span> <span class='ocrx_word' id='word_1_115' title='bbox 1113 2386 1261 2458; x_wconf 83' lang='lat' dir='ltr'>Aurora</span> <span class='ocrx_word' id='word_1_116' title='bbox 1299 2386 1477 2458; x_wconf 88' lang='lat' dir='ltr'>nitentem</span> 
     </span>
     <span class='ocr_line' id='line_1_18' title="bbox 176 2512 1474 2609; baseline -0.002 -23"><span class='ocrx_word' id='word_1_117' title='bbox 176 2512 386 2586; x_wconf 90' lang='lat' dir='ltr'>Luciferum</span> <span class='ocrx_word' id='word_1_118' title='bbox 428 2514 547 2586; x_wconf 88' lang='lat' dir='ltr'>roseis</span> <span class='ocrx_word' id='word_1_119' title='bbox 589 2514 747 2586; x_wconf 90' lang='lat' dir='ltr'>candida</span> <span class='ocrx_word' id='word_1_120' title='bbox 789 2530 916 2609; x_wconf 89' lang='lat' dir='ltr'>portet</span> <span class='ocrx_word' id='word_1_121' title='bbox 959 2516 1073 2609; x_wconf 90' lang='lat' dir='ltr'>equis.</span> <span class='ocrx_word' id='word_1_122' title='bbox 1146 2515 1259 2586; x_wconf 90' lang='lat' dir='ltr'>Sirius</span> <span class='ocrx_word' id='word_1_123' title='bbox 1307 2536 1387 2607; x_wconf 82' lang='lat'>1,7,</span> <span class='ocrx_word' id='word_1_124' title='bbox 1409 2537 1474 2585; x_wconf 86' lang='lat'>21:</span> 
     </span>
     <span class='ocr_line' id='line_1_19' title="bbox 176 2641 1477 2738; baseline 0.001 -25"><span class='ocrx_word' id='word_1_125' title='bbox 176 2641 340 2715; x_wconf 84' lang='lat' dir='ltr'>Arentes</span> <span class='ocrx_word' id='word_1_126' title='bbox 383 2667 492 2738; x_wconf 92' lang='lat' dir='ltr'>quum</span> <span class='ocrx_word' id='word_1_127' title='bbox 535 2642 636 2715; x_wconf 88' lang='lat' dir='ltr'>findit</span> <span class='ocrx_word' id='word_1_128' title='bbox 676 2642 791 2715; x_wconf 89' lang='lat' dir='ltr'>Sirius</span> <span class='ocrx_word' id='word_1_129' title='bbox 833 2667 959 2737; x_wconf 81' lang='lat' dir='ltr'>agros,</span> <span class='ocrx_word' id='word_1_130' title='bbox 1016 2643 1117 2715; x_wconf 86' lang='lat' dir='ltr'>Nox.</span> <span class='ocrx_word' id='word_1_131' title='bbox 1145 2647 1305 2734; x_wconf 77' lang='lat'>1,5‚16:</span> <span class='ocrx_word' id='word_1_132' title='bbox 1349 2642 1477 2714; x_wconf 91' lang='lat' dir='ltr'>Nocte</span> 
     </span>
     <span class='ocr_line' id='line_1_20' title="bbox 175 2770 1476 2864; baseline 0 -22"><span class='ocrx_word' id='word_1_133' title='bbox 175 2770 316 2843; x_wconf 91' lang='lat' dir='ltr'>silente.</span> <span class='ocrx_word' id='word_1_134' title='bbox 348 2773 480 2862; x_wconf 54' lang='lat'>2„1,87.</span> <span class='ocrx_word' id='word_1_135' title='bbox 513 2789 649 2862; x_wconf 78' lang='lat'>3,4,17.</span> <span class='ocrx_word' id='word_1_136' title='bbox 692 2770 784 2843; x_wconf 90' lang='lat' dir='ltr'>Dies</span> <span class='ocrx_word' id='word_1_137' title='bbox 819 2775 964 2863; x_wconf 76' lang='lat'>1,4,28:</span> <span class='ocrx_word' id='word_1_138' title='bbox 1000 2771 1120 2863; x_wconf 93' lang='lat' dir='ltr'>Quam</span> <span class='ocrx_word' id='word_1_139' title='bbox 1149 2773 1222 2844; x_wconf 91' lang='lat' dir='ltr'>cito</span> <span class='ocrx_word' id='word_1_140' title='bbox 1251 2797 1321 2844; x_wconf 92' lang='lat' dir='ltr'>non</span> <span class='ocrx_word' id='word_1_141' title='bbox 1347 2771 1476 2864; x_wconf 87' lang='lat' dir='ltr'>segnis</span> 
     </span>
     <span class='ocr_line' id='line_1_21' title="bbox 77 2898 1162 2994; baseline 0.002 -23"><span class='ocrx_word' id='word_1_142' title='bbox 77 2978 88 2989; x_wconf 50' lang='grc'><strong>,</strong></span> <span class='ocrx_word' id='word_1_143' title='bbox 176 2913 252 2971; x_wconf 88' lang='lat' dir='ltr'>stat</span> <span class='ocrx_word' id='word_1_144' title='bbox 279 2914 496 2994; x_wconf 88' lang='lat' dir='ltr'>remeatque</span> <span class='ocrx_word' id='word_1_145' title='bbox 526 2898 616 2972; x_wconf 86' lang='lat' dir='ltr'>dies.</span> <span class='ocrx_word' id='word_1_146' title='bbox 647 2905 787 2991; x_wconf 83' lang='lat'>4,5‚16.</span> <span class='ocrx_word' id='word_1_147' title='bbox 816 2899 975 2973; x_wconf 92' lang='lat' dir='ltr'>Natalis:</span> <span class='ocrx_word' id='word_1_148' title='bbox 1022 2923 1162 2992; x_wconf 87' lang='lat'>4,5‚19.</span> 
     </span>
    </p>

    <p class='ocr_par' dir='ltr' id='par_1_9' title="bbox 175 3025 1475 4407">
     <span class='ocr_line' id='line_1_22' title="bbox 288 3025 1474 3122; baseline 0.003 -25"><span class='ocrx_word' id='word_1_149' title='bbox 288 3028 410 3117; x_wconf 84' lang='lat'>1‚7‚28</span> <span class='ocrx_word' id='word_1_150' title='bbox 432 3025 551 3100; x_wconf 93' lang='lat' dir='ltr'>Nilum</span> <span class='ocrx_word' id='word_1_151' title='bbox 572 3028 770 3101; x_wconf 91' lang='lat' dir='ltr'>invenimus</span> <span class='ocrx_word' id='word_1_152' title='bbox 790 3029 997 3101; x_wconf 88' lang='lat' dir='ltr'>animatum.</span> <span class='ocrx_word' id='word_1_153' title='bbox 1040 3030 1186 3102; x_wconf 88' lang='lat' dir='ltr'>Eodem</span> <span class='ocrx_word' id='word_1_154' title='bbox 1205 3030 1364 3102; x_wconf 88' lang='lat' dir='ltr'>carmine</span> <span class='ocrx_word' id='word_1_155' title='bbox 1386 3055 1474 3122; x_wconf 90' lang='lat' dir='ltr'>non·</span> 
     </span>
     <span class='ocr_line' id='line_1_23' title="bbox 176 3154 1471 3252; baseline 0.002 -25"><span class='ocrx_word' id='word_1_156' title='bbox 176 3179 373 3248; x_wconf 88' lang='lat' dir='ltr'>numquam</span> <span class='ocrx_word' id='word_1_157' title='bbox 409 3154 523 3227; x_wconf 86' lang='lat' dir='ltr'>fluviis</span> <span class='ocrx_word' id='word_1_158' title='bbox 562 3156 727 3252; x_wconf 91' lang='lat' dir='ltr'>marique</span> <span class='ocrx_word' id='word_1_159' title='bbox 763 3156 1014 3229; x_wconf 90' lang='lat' dir='ltr'>adtribuuntur</span> <span class='ocrx_word' id='word_1_160' title='bbox 1050 3174 1168 3231; x_wconf 93' lang='lat' dir='ltr'>motus</span> <span class='ocrx_word' id='word_1_161' title='bbox 1204 3159 1321 3231; x_wconf 90' lang='lat' dir='ltr'>animi.</span> <span class='ocrx_word' id='word_1_162' title='bbox 1358 3179 1471 3250; x_wconf 83' lang='lat'>1‚7,4:</span> 
     </span>
     <span class='ocr_line' id='line_1_24' title="bbox 178 3256 1475 3383; baseline 0.003 -30"><span class='ocrx_word' id='word_1_163' title='bbox 178 3282 301 3374; x_wconf 84' lang='lat' dir='ltr'>Quem</span> <span class='ocrx_word' id='word_1_164' title='bbox 317 3298 497 3355; x_wconf 91' lang='lat' dir='ltr'>tremeret</span> <span class='ocrx_word' id='word_1_165' title='bbox 512 3282 596 3355; x_wconf 91' lang='lat' dir='ltr'>forti</span> <span class='ocrx_word' id='word_1_166' title='bbox 611 3282 721 3357; x_wconf 91' lang='lat' dir='ltr'>milite</span> <span class='ocrx_word' id='word_1_167' title='bbox 737 3285 853 3357; x_wconf 90' lang='lat' dir='ltr'>victus</span> <span class='ocrx_word' id='word_1_168' title='bbox 869 3284 973 3358; x_wconf 82' lang='lat' dir='ltr'>Atur.</span> <span class='ocrx_word' id='word_1_169' title='bbox 1001 3287 1054 3360; x_wconf 89' lang='lat' dir='ltr'>lta</span> <span class='ocrx_word' id='word_1_170' title='bbox 1069 3256 1280 3383; x_wconf 75' lang='lat' dir='ltr'>emendavit</span> <span class='ocrx_word' id='word_1_171' title='bbox 1294 3285 1475 3383; x_wconf 86' lang='lat' dir='ltr'>Scaliger.</span> 
     </span>
     <span class='ocr_line' id='line_1_25' title="bbox 175 3407 1475 3511; baseline 0.005 -30"><span class='ocrx_word' id='word_1_172' title='bbox 175 3410 214 3482; x_wconf 94' lang='lat' dir='ltr'>In</span> <span class='ocrx_word' id='word_1_173' title='bbox 243 3407 341 3482; x_wconf 91' lang='lat' dir='ltr'>libris</span> <span class='ocrx_word' id='word_1_174' title='bbox 359 3407 556 3507; x_wconf 86' lang='lat' dir='ltr'>legebatur</span> <span class='ocrx_word' id='word_1_175' title='bbox 576 3410 685 3485; x_wconf 84' lang='lat' dir='ltr'>Atax.</span> <span class='ocrx_word' id='word_1_176' title='bbox 729 3411 831 3498; x_wconf 82' lang='lat' dir='ltr'>Atur,</span> <span class='ocrx_word' id='word_1_177' title='bbox 853 3412 965 3511; x_wconf 84' lang='lat' dir='ltr'>vulgo</span> <span class='ocrx_word' id='word_1_178' title='bbox 994 3414 1142 3501; x_wconf 84' lang='lat' dir='ltr'>Aturus,</span> <span class='ocrx_word' id='word_1_179' title='bbox 1171 3417 1299 3488; x_wconf 87' lang='lat' dir='ltr'>fluvius</span> <span class='ocrx_word' id='word_1_180' title='bbox 1320 3417 1475 3511; x_wconf 84' lang='lat' dir='ltr'>Aquita·</span> 
     </span>
     <span class='ocr_line' id='line_1_26' title="bbox 176 3528 1475 3641; baseline 0.005 -31"><span class='ocrx_word' id='word_1_181' title='bbox 176 3528 388 3620; x_wconf 77' lang='lat' dir='ltr'>niae&#39;Atax</span> <span class='ocrx_word' id='word_1_182' title='bbox 406 3538 533 3612; x_wconf 87' lang='lat' dir='ltr'>fluvius</span> <span class='ocrx_word' id='word_1_183' title='bbox 552 3540 807 3616; x_wconf 91' lang='lat' dir='ltr'>Narbonensis</span> <span class='ocrx_word' id='word_1_184' title='bbox 827 3544 1037 3639; x_wconf 90' lang='lat' dir='ltr'>provinciae</span> <span class='ocrx_word' id='word_1_185' title='bbox 1059 3563 1125 3618; x_wconf 91' lang='lat' dir='ltr'>est.</span> <span class='ocrx_word' id='word_1_186' title='bbox 1168 3545 1296 3641; x_wconf 90' lang='lat' dir='ltr'>ltaque</span> <span class='ocrx_word' id='word_1_187' title='bbox 1316 3546 1377 3618; x_wconf 89' lang='lat' dir='ltr'>vix</span> <span class='ocrx_word' id='word_1_188' title='bbox 1395 3569 1475 3617; x_wconf 91' lang='lat' dir='ltr'>mo·</span> 
     </span>
     <span class='ocr_line' id='line_1_27' title="bbox 177 3665 1473 3770; baseline 0.008 -34"><span class='ocrx_word' id='word_1_189' title='bbox 177 3665 288 3737; x_wconf 92' lang='lat' dir='ltr'>menti</span> <span class='ocrx_word' id='word_1_190' title='bbox 309 3681 368 3738; x_wconf 89' lang='lat' dir='ltr'>est</span> <span class='ocrx_word' id='word_1_191' title='bbox 386 3683 504 3739; x_wconf 93' lang='lat' dir='ltr'>utrum</span> <span class='ocrx_word' id='word_1_192' title='bbox 523 3667 618 3740; x_wconf 86' lang='lat' dir='ltr'>Atur</span> <span class='ocrx_word' id='word_1_193' title='bbox 639 3695 686 3741; x_wconf 92' lang='lat' dir='ltr'>an</span> <span class='ocrx_word' id='word_1_194' title='bbox 705 3670 804 3743; x_wconf 81' lang='lat' dir='ltr'>Atax</span> <span class='ocrx_word' id='word_1_195' title='bbox 832 3670 976 3769; x_wconf 85' lang='lat' dir='ltr'>legatur</span> <span class='ocrx_word' id='word_1_196' title='bbox 1000 3675 1084 3770; x_wconf 89' lang='lat' dir='ltr'>quia</span> <span class='ocrx_word' id='word_1_197' title='bbox 1103 3675 1279 3748; x_wconf 85' lang='lat' dir='ltr'>Messalla</span> <span class='ocrx_word' id='word_1_198' title='bbox 1299 3692 1338 3747; x_wconf 93' lang='lat' dir='ltr'>et</span> <span class='ocrx_word' id='word_1_199' title='bbox 1357 3674 1473 3770; x_wconf 81' lang='lat' dir='ltr'>Aqui-</span> 
     </span>
     <span class='ocr_line' id='line_1_28' title="bbox 178 3793 1474 3890; baseline 0.01 -26"><span class='ocrx_word' id='word_1_200' title='bbox 178 3793 311 3865; x_wconf 92' lang='lat' dir='ltr'>taniam</span> <span class='ocrx_word' id='word_1_201' title='bbox 331 3793 416 3865; x_wconf 92' lang='lat' dir='ltr'>vicit</span> <span class='ocrx_word' id='word_1_202' title='bbox 436 3811 474 3866; x_wconf 91' lang='lat' dir='ltr'>et</span> <span class='ocrx_word' id='word_1_203' title='bbox 492 3797 703 3890; x_wconf 88' lang='lat' dir='ltr'>provinciae</span> <span class='ocrx_word' id='word_1_204' title='bbox 721 3799 974 3874; x_wconf 86' lang='lat' dir='ltr'>Narbonensis</span> <span class='ocrx_word' id='word_1_205' title='bbox 995 3828 1055 3876; x_wconf 90' lang='lat' dir='ltr'>res</span> <span class='ocrx_word' id='word_1_206' title='bbox 1071 3803 1301 3876; x_wconf 90' lang='lat' dir='ltr'>constituisse</span> <span class='ocrx_word' id='word_1_207' title='bbox 1318 3802 1474 3888; x_wconf 89' lang='lat' dir='ltr'>videtur,</span> 
     </span>
     <span class='ocr_line' id='line_1_29' title="bbox 177 3918 1473 4026; baseline 0.01 -34"><span class='ocrx_word' id='word_1_208' title='bbox 177 3918 281 4016; x_wconf 91' lang='lat' dir='ltr'>quod</span> <span class='ocrx_word' id='word_1_209' title='bbox 302 3935 480 3993; x_wconf 89' lang='lat' dir='ltr'>testantur</span> <span class='ocrx_word' id='word_1_210' title='bbox 500 3921 597 3996; x_wconf 86' lang='lat' dir='ltr'>Arar</span> <span class='ocrx_word' id='word_1_211' title='bbox 615 3924 894 4026; x_wconf 87' lang='lat' dir='ltr'>Rhodanusque</span> <span class='ocrx_word' id='word_1_212' title='bbox 921 3957 1030 4004; x_wconf 90' lang='lat' dir='ltr'>versu</span> <span class='ocrx_word' id='word_1_213' title='bbox 1055 3956 1092 4003; x_wconf 85' lang='lat'>11</span> <span class='ocrx_word' id='word_1_214' title='bbox 1118 3931 1300 4004; x_wconf 87' lang='lat' dir='ltr'>nominati.</span> <span class='ocrx_word' id='word_1_215' title='bbox 1336 3952 1426 4023; x_wconf 82' lang='lat'>1,7‚1</span> <span class='ocrx_word' id='word_1_216' title='bbox 1442 3956 1473 4006; x_wconf 85' lang='lat'>1:</span> 
     </span>
     <span class='ocr_line' id='line_1_30' title="bbox 177 4046 1474 4156; baseline 0.008 -37"><span class='ocrx_word' id='word_1_217' title='bbox 177 4046 306 4120; x_wconf 91' lang='lat' dir='ltr'>Testis</span> <span class='ocrx_word' id='word_1_218' title='bbox 330 4047 428 4119; x_wconf 85' lang='lat' dir='ltr'>Arar</span> <span class='ocrx_word' id='word_1_219' title='bbox 446 4049 724 4150; x_wconf 90' lang='lat' dir='ltr'>Rhodanusque</span> <span class='ocrx_word' id='word_1_220' title='bbox 746 4060 845 4130; x_wconf 86' lang='lat' dir='ltr'>celer</span> <span class='ocrx_word' id='word_1_221' title='bbox 866 4085 1098 4156; x_wconf 82' lang='lat' dir='ltr'>magnusque</span> <span class='ocrx_word' id='word_1_222' title='bbox 1119 4059 1298 4131; x_wconf 91' lang='lat' dir='ltr'>Garonna</span> <span class='ocrx_word' id='word_1_223' title='bbox 1321 4058 1474 4131; x_wconf 88' lang='lat' dir='ltr'>Carnuti</span> 
     </span>
     <span class='ocr_line' id='line_1_31' title="bbox 179 4173 1473 4282; baseline 0.008 -35"><span class='ocrx_word' id='word_1_224' title='bbox 179 4190 218 4247; x_wconf 90' lang='lat' dir='ltr'>et</span> <span class='ocrx_word' id='word_1_225' title='bbox 250 4173 332 4247; x_wconf 89' lang='lat' dir='ltr'>flavi</span> <span class='ocrx_word' id='word_1_226' title='bbox 370 4174 519 4250; x_wconf 90' lang='lat' dir='ltr'>caerula</span> <span class='ocrx_word' id='word_1_227' title='bbox 552 4177 702 4276; x_wconf 91' lang='lat' dir='ltr'>lympha</span> <span class='ocrx_word' id='word_1_228' title='bbox 739 4185 862 4282; x_wconf 84' lang='lat' dir='ltr'>Liger.</span> <span class='ocrx_word' id='word_1_229' title='bbox 900 4191 1040 4279; x_wconf 83' lang='lat'>3‚4‚85</span> <span class='ocrx_word' id='word_1_230' title='bbox 1086 4211 1253 4282; x_wconf 92' lang='lat' dir='ltr'>aequora</span> <span class='ocrx_word' id='word_1_231' title='bbox 1294 4184 1473 4279; x_wconf 89' lang='lat' dir='ltr'>genuisse</span> 
     </span>
     <span class='ocr_line' id='line_1_32' title="bbox 178 4302 1286 4407; baseline 0.011 -34"><span class='ocrx_word' id='word_1_232' title='bbox 178 4302 354 4374; x_wconf 89' lang='lat' dir='ltr'>dicuntur.</span> <span class='ocrx_word' id='word_1_233' title='bbox 393 4324 566 4397; x_wconf 76' lang='lat'>4,1‚147:</span> <span class='ocrx_word' id='word_1_234' title='bbox 602 4308 778 4384; x_wconf 87' lang='lat' dir='ltr'>Oceanus</span> <span class='ocrx_word' id='word_1_235' title='bbox 804 4330 923 4407; x_wconf 91' lang='lat' dir='ltr'>ponto</span> <span class='ocrx_word' id='word_1_236' title='bbox 953 4315 1117 4387; x_wconf 92' lang='lat' dir='ltr'>continet</span> <span class='ocrx_word' id='word_1_237' title='bbox 1147 4314 1286 4385; x_wconf 89' lang='lat' dir='ltr'>orbem.</span> 
     </span>
    </p>

    <p class='ocr_par' dir='ltr' id='par_1_10' title="bbox 284 4428 1472 4530">
     <span class='ocr_line' id='line_1_33' title="bbox 284 4428 1472 4530; baseline 0.011 -30"><span class='ocrx_word' id='word_1_238' title='bbox 284 4428 455 4503; x_wconf 90' lang='lat' dir='ltr'>Transeo</span> <span class='ocrx_word' id='word_1_239' title='bbox 485 4434 534 4506; x_wconf 91' lang='lat' dir='ltr'>ad</span> <span class='ocrx_word' id='word_1_240' title='bbox 568 4438 906 4530; x_wconf 87' lang='lat' dir='ltr'>personificationes</span> <span class='ocrx_word' id='word_1_241' title='bbox 943 4457 1075 4528; x_wconf 87' lang='lat' dir='ltr'>terrac,</span> <span class='ocrx_word' id='word_1_242' title='bbox 1116 4443 1256 4514; x_wconf 91' lang='lat' dir='ltr'>urbium</span> <span class='ocrx_word' id='word_1_243' title='bbox 1290 4437 1472 4513; x_wconf 92' lang='lat' dir='ltr'>similium-</span> 
     </span>
    </p>
   </div>
   <div class='ocr_carea' id='block_1_9' title="bbox 0 0 1542 4980">
    <p class='ocr_par' dir='ltr' id='par_1_11' title="bbox 0 0 1542 4980">
     <span class='ocr_line' id='line_1_34' title="bbox 0 0 1542 4980; baseline 0 0"><span class='ocrx_word' id='word_1_244' title='bbox 0 0 1542 4980; x_wconf 95' lang='lat' dir='ltr'> </span> 
     </span>
    </p>
   </div>
  </div>
 </body>
</html>
