3074 4980
692 228 717 295 p
803 227 849 270 '12

103 402 105 406 .
182 465 231 475 -
247 421 386 496 Secare
416 449 536 514 1,9.22
553 453 559 497 :
578 424 746 498 Verbere
767 441 875 522 terga
895 396 984 497 seca
999 423 1056 496 ie.
1076 421 1234 496 vulnera.
1261 467 1310 476 --
1330 424 1478 509 Sedere

180 573 326 642 4‚1,42:
357 553 439 626 Nec
466 555 536 626 hac
551 551 632 649 plus
647 571 753 649 parte
773 555 881 626 sedet
908 579 976 625 nec
992 551 1108 648 surgit
1140 552 1187 622 ab
1206 549 1265 622 illa
1294 576 1346 627 sc.
1367 551 1471 625 libra.

181 722 233 733 -
275 678 438 776 Serper'e
483 702 633 773 1‚7‚94:s
651 682 721 760 Per
747 683 843 754 vada
871 681 988 777 serpis
1024 681 1082 754 ie.
1121 681 1255 752 laberis
1292 683 1349 752 vel
1389 681 1496 752 fluis·

181 849 231 860 --
268 779 477 883 Sollicitare
517 832 657 903 3453:
694 811 763 883 Pro
798 835 870 906 qua
906 807 1078 882 sollicitas
1117 809 1294 880 coelestia
1332 808 1478 880 numina

25 1000 28 1005 .
58 1024 77 1035 .,
180 935 288 1009 votis,
316 981 364 1026 -ς
396 936 551 1011 Solvere
577 947 713 1023 1,2,6o:
742 937 901 1010 Amores
922 922 1087 1010 cantibus
1107 953 1169 1009 aut
1188 936 1312 1016 herbis
1333 935 1478 1008 solvere

143 1128 146 1133 .
180 1063 234 1138 ie.
266 1063 373 1138 finem
401 1066 443 1139 iis
471 1067 672 1162 imponere.
708 1071 846 1159 4,5,16.
908 1065 1115 1138 Exsolvere
1154 1087 1272 1156 4,7‚5:
1312 1065 1480 1136 Exsolvit

179 1178 362 1287 promissa
389 1194 526 1268 Venus.
584 1195 803 1266 Persolvere
838 1217 976 1285 1‚3‚29:
1018 1193 1068 1266 Ut
1101 1219 1184 1266 mea
1217 1193 1361 1266 votivas
1393 1219 1477 1288 per-

143 1380 149 1394 .
178 1318 330 1393 solvens
358 1321 466 1394 Delia
494 1347 616 1395 voces.
642 1346 774 1415 1,9,13.
803 1367 854 1376 -
877 1322 1089 1416 Subrepere
1118 1346 1259 1416 1,1,71:
1288 1321 1478 1416 Subrepet

179 1464 284 1521 aetas
312 1449 422 1524 iners.
454 1495 506 1504 -
543 1438 745 1546 Temptare
788 1471 926 1543 1‚3,173:
964 1451 1169 1546 Temptare
1207 1450 1392 1522 lunonem.
1431 1493 1471 1502 -

178 1576 354 1652 Tondere
384 1601 550 1672 4,1,·172:
576 1579 610 1650 T
614 1579 845 1675 ondeturque
869 1604 982 1674 seges
997 1578 1056 1653 ie.
1076 1578 1231 1651 metitur.
1254 1621 1303 1632 -
1327 1576 1474 1674 Urgere

181 1727 323 1803 a‚1,79:
360 1705 420 1778 An
448 1707 582 1792 miseri,
612 1731 705 1803 quos
732 1706 792 1778 hic
820 1706 983 1803 graviter
1005 1705 1103 1803 deus
1129 1722 1238 1803 urget
1264 1706 1321 1778 ie.
1350 1700 1474 1778 vexat.

178 1877 228 1886 .-
249 1832 374 1910 Urere
404 1835 451 1907 de
479 1860 604 1908 amore
633 1833 781 1929 saepius
810 1851 1013 1938 usurpatur.
1072 1837 1177 1924 1,8,7.
1202 1843 1311 1926 2‚6,5.
1334 1857 1473 1924 4,2,11.
1502 1897 1504 1899 ,

178 1981 286 2052 4,5‚5.
308 1967 444 2056 4,6,17.
468 1988 628 2057 4213›19-
666 1963 830 2035 Exurere
855 1983 956 2054 4‚2,5
970 1989 976 2035 :
1012 1963 1101 2034 Volt
1124 1987 1278 2034 exurere
1297 1961 1403 2033 divos
1423 1987 1474 2033 se.

177 2087 308 2162 Amor.
337 2135 389 2143 -
417 2091 591 2163 Vendere
618 2111 762 2184 1,9,77:
808 2090 1056 2164 Blanditiasne
1084 2116 1187 2163 meas
1215 2090 1292 2162 aliis
1320 2105 1357 2160 tu
1384 2115 1473 2161 ven-

119 2261 123 2272 ·
177 2215 268 2289 dere
298 2243 340 2289 es
363 2220 495 2291 ausus?
524 2263 574 2272 -—
605 2219 750 2293 Vincire
780 2223 924 2311 4,1,36:
957 2219 1089 2292 Vincto
1119 2217 1219 2314 pede
1247 2217 1381 2314 quique
1411 2241 1472 2288 so-

175 2341 251 2415 luto
280 2343 301 2418 i.
331 2371 364 2419 e.
395 2347 555 2420 carmine
573 2356 622 2420 'et
650 2347 819 2420 oratione
846 2347 1024 2443 pedestri.
1394 2330 1397 2334 .

449 2645 490 2716 B.
516 2637 830 2718 ‘Translationes
854 2648 1207 2719 substantivorum:

283 2859 601 2933 Substantivorum
640 2859 897 2932 translationes
932 2884 1139 2956 quanquam
1176 2886 1252 2932 non
1289 2877 1363 2933 tarn
1400 2860 1470 2932 fre-

176 3004 333 3080 quentes
357 3005 440 3061 sunt
462 3013 572 3083 quarn
594 2988 802 3076 verborum,
826 3003 946 3060 tamen
969 2997 1041 3060 non
1064 3014 1197 3083 parvus
1219 2997 1278 3061 'est
1299 3015 1471 3062 numerus

176 3118 439 3210 exemplorum.
480 3117 642 3204 1‚10,18:
678 3115 740 3188 Sic
777 3115 912 3188 veteris
950 3117 1063 3188 sedes
1101 3117 1298 3190 incoluistis
1326 3116 1383 3189 avi
1411 3117 1469 3191 i.e.

174 3243 314 3336 proavi.
347 3247 492 3332 2,1‚28:
529 3243 712 3316 Fumosos
749 3243 885 3316 veteris
912 3243 1074 3339 proferte
1101 3247 1279 3318 Falernos
1309 3243 1471 3318 consulis

174 3369 229 3442 ie.
257 3371 351 3445 anni.
380 3395 530 3463 4,1‚11:
565 3373 765 3444 Testantur
793 3372 916 3444 sidera
945 3370 1051 3445 caelo
1073 3350 1313 3470 Erigoneoue
1343 3374 1471 3447 Canis-

172 3522 260 3593 que.
292 3522 435 3591 4‚1,30:
471 3500 570 3591 Quid
599 3514 747 3595 'quaque
777 3501 888 3572 index
917 3503 984 3572 sub
1013 3501 1169 3598 imagine
1200 3501 1301 3574 dicat
1328 3502 1387 3574 ie.
1417 3502 1469 3574 in-

174 3625 334 3721 scriptio.
368 3650 511 3720 2‚1,37:
552 3627 619 3700 llis
648 3627 722 3699 vita
751 3628 934 3723 magistris
964 3628 1133 3733 desuevit
1161 3654 1302 3725 querna
1328 3632 1470 3724 pellere

172 3752 310 3850 glande
339 3754 484 3828 famem.

280 3882 439 3977 Saepius
477 3909 547 3955 eae
585 3907 724 3970 voceS‚
768 3909 864 3978 quae
903 3899 1029 3978 partes
1057 3887 1222 3981 corporis
1251 3886 1470 3983 significant,

172 4009 244 4082 hoc
271 4010 392 4084 modo,
413 4011 641 4083 adhibentur.
676 3996 922 4101 1,7,24:'Aut
955 4013 1086 4107 quibus
1119 4014 1154 4085 in
1187 4015 1293 4085 terris
1328 4013 1470 4087 occulu-

173 4137 248 4210 isse
277 4153 387 4233 caput
409 4138 430 4210 i.
448 4165 480 4212 e.
510 4154 638 4211 ortum.
662 4163 812 4231 4,1,133
842 4141 889 4211 de
907 4139 1004 4234 Jovis
1019 4141 1140 4236 capite
1157 4140 1296 4214 dicitur.
1331 4163 1466 4235 1‚7,34:

175 4266 242 4337 Hic
278 4265 429 4338 viridem
464 4265 555 4339 dura
592 4267 752 4339 caedere
789 4267 881 4340 falce
918 4294 1060 4341 comam
1102 4269 1159 4341 i.e.
1193 4269 1379 4365 gramina3
1421 4271 1468 4344 cf.
1526 4370 1529 4379 Ι

177 4397 306 4484 2,1,48.
330 4419 472 4490 3,1,1o:
503 4395 638 4474 Pumex
667 4413 705 4474 et
734 4419 847 4473 canas
876 4397 1030 4474 tondeat
1047 4415 1132 4474 ante
1151 4421 1290 4472 comas.
1325 4400 1468 4486 1,6,80;
