3074 4980
720 281 756 327 21

85 476 202 549 etiarn
223 479 398 550 cotidiani
418 480 599 551 sermonis
619 508 705 553 usus
726 482 866 576 recipit.
911 479 1069 574 Trypho
1088 479 1206 574 (Walz
1226 480 1318 552 rhet.
1337 503 1391 575 gr.

84 629 123 699 p.
153 608 240 699 739)
272 607 535 700 synecdochen
563 634 649 681 esse
670 609 781 680 -addit
808 609 867 679 ubi
894 609 1047 679 materia
1075 609 1226 702 ponitur
1254 634 1323 702 pro
1352 632 1392 679 re

84 756 186 825 quae
214 731 299 803 inde
335 734 469 805 effecta
506 751 574 808 est.
632 736 818 807 Rhetores
853 736 992 808 Graeci
1030 736 1177 806 omnino
1212 736 1394 807 tredecim

84 860 238 952 species
266 879 560 934 commemorant
588 864 632 933 cf.
663 861 915 934 Volkmann
943 889 979 956 p.
1013 872 1098 953 361.

541 1161 582 1230 Α.
626 1160 722 1231 Pars
746 1185 818 1251 pro
844 1171 926 1232 toto

78 1368 207 1463 posita
236 1385 294 1441 est
328 1374 474 1459 1‚2,86:
505 1371 554 1442 Et
581 1373 753 1443 miserum
784 1389 916 1444 sancto
944 1371 1103 1443 tundere
1124 1388 1234 1465 poste
1268 1386 1389 1466 caput,

82 1498 297 1592 eodemque
319 1501 432 1571 modo
453 1499 603 1594 saepius
624 1501 683 1571 ubi
709 1501 756 1571 de
779 1500 945 1594 corporis
965 1498 1134 1594 partibus
1162 1498 1249 1570 dicit
1264 1508 1388 1593 po'eta.

82 1622 131 1695 cf.
167 1626 301 1718 1,8‚72.
348 1625 456 1698 Oculi
499 1649 638 1718 2,5‚49,
679 1651 818 1719 4,13‚4.
856 1628 1000 1724 Lingua
1041 1631 1175 1717 3,4,16.
1237 1626 1389 1697 Thesea

80 1748 207 1844 lingua
237 1757 376 1844 3,6,39.
394 1760 454 1844 46.
498 1754 602 1826 Colla
629 1765 759 1845 1‚4‚16.
790 1773 951 1845 4‚1,117.
988 1775 1069 1845 170.
1100 1754 1222 1825 Pedes
1258 1758 1387 1845 1,7‚36.

84 1887 225 1969 2,6,14.
256 1879 367 1952 Fibra
394 1884 501 1972 1,8‚3.
535 1892 673 1969 2‚1,26.
706 1883 832 1955 Corda
855 1892 966 1974 3‚2‚6.
1025 1882 1226 1953 Praeterea
1255 1881 1288 1951 hi
1316 1878 1389 1950 loci

81 2006 265 2079 afferendi
293 2025 392 2080 sunt:
440 2030 578 2100 1,4‚45:
617 2008 685 2080 Vel
719 2011 748 2081 si
786 2010 980 2082 caeruleas
1015 2009 1156 2104 puppi
1194 2009 1301 2078 volet
1336 2007 1389 2079 ire

80 2159 152 2229 per
185 2135 315 2210 undas,
359 2158 491 2227 2‚5,45.
531 2143 671 2228 4,1‚69.
717 2138 850 2209 Undae
891 2158 1030 2228 1‚4‚45.
1063 2157 1201 2228 3,5‚21.
1264 2134 1385 2205 Lacus

80 2261 210 2333 inferni
245 2269 381 2354 2‚6‚4o.
423 2265 582 2336 Tectum
619 2288 728 2357 3,3,3.
759 2288 898 2356 4‚1‚13.
932 2264 1054 2335 Rotae
1091 2269 1224 2353 1‚9,62.
1256 2265 1389 2354 3‚4,18.

82 2388 206 2460 Torus
251 2398 403 2482 3,6,60.
451 2392 601 2464 Pennae
645 2416 809 2483 4,1,209.
849 2393 974 2463 Litera
1019 2415 1050 2482 3,
1071 2411 1180 2480 2,27.
1247 2389 1389 2459 Versus

83 2521 194 2606 3‚1‚8.
226 2543 365 2610 4‚1,34.

524 2732 565 2803 B.
609 2732 772 2804 Mutatio
799 2735 961 2805 numeri.

369 2967 402 3015 a.
447 2943 630 3015 Numerus
659 2942 852 3037 singularis
882 2969 951 3038 pro
979 2942 1107 3039 plurali

79 3179 155 3245 non
183 3178 267 3225 raro
296 3155 394 3249 apud
424 3155 569 3226 nomina
596 3153 815 3249 populorum
835 3156 1020 3227 invenitur.
1078 3155 1202 3226 Arabs
1243 3155 1386 3242 4,2‚18:

80 3281 211 3354 Cultor
249 3283 429 3353 odoratae
477 3283 579 3353 dives
616 3283 739 3354 Arabs
778 3285 931 3380 segetis,
995 3282 1188 3355 Britannus
1221 3282 1385 3371 4,1‚148.

86 3427 228 3497 1‚7,12:
259 3408 407 3481 Carnuti
435 3426 474 3481 et
500 3410 586 3481 flavi
612 3408 760 3482 caerula
788 3409 935 3505 lympha
968 3411 1091 3504 Liger.
1120 3409 1230 3481 Indus
1251 3429 1386 3497 4,2‚2o.

80 3534 254 3607 Padaeus
275 3557 437 3627 4‚1‚145.
475 3537 679 3608 Pannonius
701 3561 864 3627 4,1‚109.
903 3536 1093 3609 Addenda
1120 3552 1204 3608 sunt
1236 3557 1384 3624 2,3‚42:

79 3662 134 3735 Ut
159 3666 271 3736 multo
291 3664 514 3736 innumeram
541 3665 713 3759 iugere
741 3681 874 3757 pascat
902 3689 1041 3738 ovem.
1079 3686 1220 3755 2,5,72:
1251 3661 1386 3731 Multus

79 3788 185 3884 lapis.
218 3813 361 3883 3,2,27:
405 3791 556 3863 Littera.
586 3793 754 3881 4,1,108:
797 3792 914 3862 Miles.

349 4088 383 4162 b.
433 4089 615 4161 Numerus
643 4085 789 4182 pluralis
817 4113 887 4182 pro
917 4086 1100 4182 singulari,
1170 4105 1173 4109 ’

188 4300 360 4394 Corpora
403 4324 539 4395 1‚9,73.
590 4308 727 4397 2‚3‚76.
772 4301 880 4374 Colla
926 4305 1056 4390 1‚4,16.
1092 4320 1255 4389 4,1,117.
1298 4313 1382 4386 170.

76 4427 208 4499 Corda
251 4436 355 4518 3,2,6.
392 4429 549 4501 Pectora
583 4449 723 4522 1‚7,40.
760 4431 866 4503 Sinus
902 4433 1035 4521 1‚8,36.
1065 4451 1102 4518 4,
1115 4448 1218 4517 3,24.
1257 4422 1385 4515 Terga
