3074 4980
747 273 786 338 45

662 349 668 357 x
680 352 800 358 .-..—-...

113 477 225 546 cinxit
244 477 476 549 discordibus
502 474 620 550 armis,
652 500 750 567 3,2,2
758 497 800 566 5:
831 476 877 545 Et
896 474 1011 544 nostri
1032 498 1217 546 memores
1244 472 1414 546 lacrimae

115 602 313 676 fundantur
342 606 487 676 eodem.
519 626 663 694 4‚1‚13:
702 603 823 675 Laeta
851 601 1074 674 Molorcheis
1103 601 1226 697 posuit
1260 602 1416 697 vestigia

116 731 238 804 tectis,
268 754 414 823 4‚5,12:
460 731 568 801 Tunc
596 720 738 825 precor
758 730 902 814 infidos
930 745 1071 816 sancte,
1100 729 1265 824 relinque
1295 729 1412 803 focos,

114 858 156 930 ln
196 856 361 931 omnibus
403 859 459 930 his
489 856 669 953 exemplis
698 859 750 930 rei
778 859 1001 931 inanimatae
1030 857 1222 953 epitheton
1252 857 1417 933 tribuitur

117 989 220 1082 quod
263 988 310 1058 ad
358 986 577 1058 animantem
627 968 788 1080 spectat.
847 984 982 1058 Similia
1025 984 1210 1057 enuntiata
1252 977 1416 1057 invenies

120 1120 267 1207 3‚6,31:
299 1113 350 1186 At
379 1139 446 1185 nos
476 1139 630 1186 securae
661 1113 861 1185 reddamus
882 1127 1050 1207 tempora
1079 1138 1241 1185 mensae.
1272 1116 1413 1205 4,1‚83:

119 1242 203 1332 Qua
233 1243 368 1314 deceat
398 1258 510 1313 tutam
541 1241 670 1313 castris
700 1242 930 1336 praeducere
955 1240 1107 1313 fossam.
1139 1246 1260 1333 3,2‚16
1289 1266 1417 1312 manus

117 1371 199 1465 pias
229 1371 314 1441 dicit
334 1370 450 1464 iisque
470 1369 578 1463 igitur
597 1367 721 1440 tribuit
741 1368 841 1463 quod
862 1367 1017 1439 hominis
1038 1383 1105 1440 est.
1155 1367 1273 1440 Etiam
1297 1392 1416 1440 annos

118 1498 299 1569 fecundos
336 1511 444 1567 vocat
474 1519 645 1588 4‚1,113‚
683 1521 903 1591 quamquam
952 1494 1034 1566 anni
1083 1492 1202 1566 solum
1253 1494 1417 1569 efficiunt

121 1641 159 1696 ut
197 1640 295 1695 terra
331 1623 492 1696 secunda
527 1623 583 1695 sit.
633 1625 770 1707 1,8‚18:
815 1623 948 1694 Tacito
989 1639 1159 1716 tempore
1187 1623 1307 1695 noctis
1347 1649 1416 1718 pro

123 1768 315 1848 »tempore
336 1752 472 1823 tacitae
489 1750 619 1823 noctis.
652 1753 786 1842 2,5,81.
804 1774 854 1839 90
881 1751 1050 1823 flammae
1078 1775 1208 1822 sacrae
1237 1750 1415 1822 dicuntur.

119 1885 239 1970 4‚6‚1:
285 1877 425 1951 Natalis
451 1877 553 1972 Juno,
583 1894 733 1951 sanctos
762 1903 856 1972 cape
894 1878 983 1950 turis
1022 1902 1192 1952 acervos.
1250 1878 1417 1972 Heyuius

119 2033 138 2078 e
170 2008 313 2079 duobus
333 2007 431 2078 libris
464 2031 657 2078 acervos
686 2006 719 2077 in
748 2006 951 2078 honores
973 2006 1199 2094 emendavit,
1229 2006 1314 2101 quia
1333 2006 1415 2078 huic

122 2135 239 2206 verbo
260 2134 450 2229 epitheton
474 2148 668 2205 ›sanctus‹
693 2133 1003 2206 accommodatius
1020 2159 1105 2207 esse
1121 2134 1287 2228 putabat.
1346 2133 1415 2204 Ac-

117 2263 220 2334 cedit
255 2262 355 2356 quod
396 2262 483 2334 turis
525 2261 690 2347 honores
739 2283 856 2353 1,7,53
902 2277 1243 2333 commemorentur.
1296 2260 1417 2352 Quam

117 2391 165 2462 ob
194 2416 270 2461 rem
309 2389 459 2461 mutatio
500 2388 667 2483 quamvis
695 2411 765 2466 non
787 2389 1007 2473 necessaria,
1039 2412 1113 2459 uon
1134 2389 1242 2482 plane
1272 2402 1331 2463 est
1358 2414 1417 2460 ue·

118 2516 304 2612 gligeuda.

237 2813 267 2862 2.
313 2789 556 2885 Figurae
600 2813 740 2882 quae
783 2786 1113 2858 adiectione
1157 2786 1311 2858 liunt.
1395 2842 1399 2853 .

440 3051 473 3094 α.
505 3021 743 3095 Abundantia
772 3019 833 3093 vel
862 3019 1112 3117 pleonasmus.

227 3250 466 3322 Pleonasmus
502 3267 619 3322 utrum
655 3266 784 3345 tropus
820 3267 923 3323 esset
958 3274 1096 3337 necne,
1139 3249 1234 3322 inter
1269 3266 1416 3322 veteres
1499 3286 1502 3291 ·

120 3377 290 3448 rhetores
320 3377 467 3450 dubium
498 3393 587 3449 erat.
642 3378 735 3449 Sunt
768 3378 828 3472 qui
865 3404 948 3450 eum
985 3393 1134 3470 tropum
1173 3402 1258 3448 esse
1298 3376 1417 3449 existi-

121 3520 219 3575 ment
246 3520 285 3575 ut
312 3505 468 3599 Trypho
499 3502 654 3598 aliiqoe3
691 3505 824 3576 rectius
853 3502 1105 3576 Volkmannus
1133 3510 1183 3599 (p.
1215 3510 1305 3599 393)
1335 3533 1419 3578 eum

122 3631 215 3703 inter
230 3630 366 3724 figuras
383 3632 644 3727 grammaticas
662 3649 840 3705 numerat.
899 3633 1149 3714 Pleonasmus
1178 3648 1217 3703 ut
1233 3632 1284 3704 ait
1298 3633 1419 3724 Quin·

122 3759 262 3830 tilianus
291 3759 353 3844 lx,
387 3765 487 3851 3,46‚
517 3775 575 3831 est
605 3759 796 3831 abundans
827 3784 940 3853 super
980 3761 1244 3833 necessitatem
1286 3761 1416 3832 oratio,

122 3887 256 3957 Verum
285 3885 321 3957 id
350 3912 431 3957 cum
461 3911 692 3980 supervacua
728 3903 903 3959 oneratur
932 3888 1160 3972 adiectione,
1195 3887 1318 3959 vitium
1347 3906 1418 3974 est,

122 4037 203 4084 cum
246 4030 361 4110 auget
404 4030 465 4087 aut
507 4014 716 4087 manifestat
763 4015 1001 4100 seutentiam,
1051 4015 1173 4089 virtus.
1255 4014 1419 4088 Tibullus

125 4166 273 4235 quoque
317 4140 451 4212 eadem
494 4141 571 4214 lere
613 4140 788 4214 nonnullis
829 4140 922 4214 locis
963 4141 1019 4214 bis
1062 4143 1158 4230 dicit,
1201 4144 1419 4238 praesertim

121 4294 202 4339 cum
231 4269 345 4338 verba
375 4270 610 4362 properandi,
641 4269 801 4355 tacendi,
839 4267 983 4342 celandi
1018 4271 1202 4345 adhibeat.
1244 4282 1444 4361 4,],ιόοτΙΙ

123 4396 197 4469 Seu
226 4393 325 4466 celer
353 4395 528 4470 hibernas
556 4413 735 4495 properat
770 4398 965 4471 decurrere
1003 4401 1115 4474 luces.
1152 4422 1323 4495 r,ro‚34:
1354 4401 1417 4479 Im·
