3074 4980
665 281 702 288 -.
714 283 722 287 .
734 284 740 289 .
754 207 844 289 ²..⁵....-
864 283 870 289 .

518 427 553 493 4.
612 404 1025 479 Antonomasia.

226 616 497 689 Antonomasia
526 643 548 688 a
575 615 751 689 nonnullis
782 618 815 690 in
844 620 1104 712 synecdoches
1125 644 1275 692 numero
1292 619 1421 691 habita

113 759 190 815 est.
237 742 409 839 (Trypho
440 769 473 838 p.
507 768 580 834 204
608 742 742 840 Walz).
789 744 1029 838 Quintilianus
1058 748 1150 820 inter
1178 763 1308 841 tropos
1337 771 1422 819 eam

112 897 312 945 numerans
345 873 430 945 dicit
465 873 563 961 V111,
602 878 711 964 639:
752 871 1020 947 Antonomasia
1056 901 1152 970 quae
1187 873 1323 970 aliquid
1351 899 1420 969 pro

112 1000 263 1072 nomine
301 1000 420 1097 ponit,
465 1002 587 1095 poetis
624 1018 782 1096 utroque
822 1002 936 1074 modo
964 1003 1261 1098 frequentissima
1290 1016 1328 1073 et
1355 1027 1423 1096 per

112 1128 313 1223 epitheton
333 1128 433 1223 quod
453 1129 623 1201 detracto
645 1155 701 1213 eo,
729 1131 785 1201 cui
805 1131 1008 1225 apponitur,
1036 1131 1138 1203 valet
1165 1155 1235 1226 pro
1262 1128 1420 1212 nomine,

113 1254 300 1349 Tydides,
330 1252 488 1344 Pelides,
520 1273 558 1328 et
587 1282 633 1329 ex
661 1257 715 1329 his
743 1282 840 1352 quae
865 1258 899 1328 in
927 1283 1076 1353 quoque
1105 1273 1188 1330 sunt
1207 1257 1421 1353 praecipua:

114 1383 253 1454 Divum
287 1399 396 1477 pater
425 1399 536 1480 atque
571 1384 752 1456 hominum
785 1410 870 1472 rex,
901 1401 939 1457 et
968 1411 1014 1457 ex
1045 1385 1149 1457 sactis
1179 1385 1309 1480 quibus
1339 1409 1421 1478 per-

114 1534 212 1583 sona
240 1511 420 1604 signatur:
452 1511 633 1584 Thalamo
663 1537 759 1607 quae
789 1511 860 1583 fixa
887 1513 1031 1607 reliquit
1059 1513 1197 1607 impius,

225 1661 308 1731 Hoc
344 1661 458 1732 modo
498 1659 636 1755 Apollo
674 1686 696 1730 a
734 1660 879 1732 Tibullo
915 1660 1044 1733 Delius
1079 1678 1237 1733 vocatur
1274 1677 1418 1750 3,4,79:

114 1787 202 1858 Hoc
231 1787 294 1858 tibi
322 1787 528 1884 coniugium
558 1788 738 1882 promittit
766 1786 895 1859 Delius
925 1789 1018 1882 ipse.
1052 1792 1162 1881 3‚6,8.
1192 1788 1297 1860 Deus
1326 1787 1420 1879 Cyn·

113 1916 210 1987 thius
243 1913 413 2010 (Apollo)
440 1938 576 2007 3450.
606 1911 716 1986 Delia
740 1913 932 2011 (Artemis)
954 1936 1067 2008 4,3,5.
1098 1915 1268 1988 Saturnia
1297 1912 1421 2014 (luno)

118 2066 263 2136 3,3,33.
300 2041 437 2137 Cypria
476 2042 636 2143 (Venus)
672 2067 822 2135 3,3‚34.
862 2042 1052 2135 Cytherea
1093 2040 1253 2142 (Venus)
1290 2063 1419 2133 4‚7‚3.

117 2171 291 2243 Lenaeus
325 2188 432 2265 pater
472 2169 673 2270 (Bacchus)
706 2175 843 2264 3‚6,38.
891 2170 1059 2243 Cadmea
1097 2187 1215 2242 mater
1249 2166 1419 2268 (Agaue)

119 2308 258 2390 3,6‚24.
289 2297 455 2370 Pierides
485 2295 648 2398 (illusae)
681 2322 816 2390 3,4,44.
847 2322 981 2385 4,2,21.
1022 2296 1174 2370 Alcides
1207 2293 1419 2392 (Hercules)

120 2449 258 2517 4,1‚12.
301 2425 448 2498 Aniena
481 2426 616 2498 Tiburs
655 2425 831 2520 (Albuna)
871 2431 1004 2517 2,5,69.
1049 2423 1255 2520 Neptunius
1298 2423 1420 2494 incola

119 2551 316 2654 (Cyclops)
342 2558 475 2645 4,1‚56.
505 2550 687 2626 Meleteus
708 2551 927 2652 (Homerus)
961 2575 1129 2643 4‚1,200.
1161 2549 1303 2622 Gnosia
1326 2549 1419 2645 (Ari-

119 2680 231 2776 adne)
265 2687 399 2773 3,6‚39.

226 2830 332 2903 Deus
366 2828 532 2926 agricola
570 2827 772 2929 (Silvanus)
815 2851 970 2918 1,1,14:
1013 2828 1182 2899 Libatum
1217 2827 1420 2922 agricolam

117 2959 264 3055 ponitur
291 2973 376 3030 ante
393 2960 513 3029 deum.
535 2982 565 3046 1,
572 2977 668 3048 5‚27s
699 2955 898 3053 Agricolae
918 2954 1070 3028 caelites
1095 2978 1168 3043 2‚1,
1175 2958 1233 3046 36.
1262 2952 1418 3045 Stygiae

117 3085 240 3158 navita
268 3085 383 3180 turpis
413 3101 535 3182 aquae
564 3082 747 3183 (Charon)
785 3089 939 3175 1,1o‚36.
984 3083 1124 3176 Lydius
1144 3081 1277 3154 aurifer
1303 3079 1420 3151 amnis

118 3211 359 3313 (Maeander)
389 3235 526 3305 3,3‚29.
562 3213 670 3284 Mens
691 3211 801 3306 impia
831 3212 1010 3306 (Neaera)
1036 3231 1169 3302 3,4,59.
1200 3206 1301 3302 Pylia
1321 3207 1421 3279 lama

122 3341 290 3436 (Nestor)
318 3363 487 3430 4‚1,112.
531 3340 678 3412 Tristes
707 3363 861 3410 sorores
891 3335 1060 3438 (Parcae)
1093 3356 1230 3428 3,3‚35.
1269 3336 1419 3406 Doctae

118 3492 270 3541 sorores
299 3467 459 3562 (Musae)
494 3488 630 3559 3,4,45.

538 3787 570 3857 5.
626 3763 1006 3859 Antiphrasis

211 3977 468 4073 ‚Antiphrasin
497 3976 738 4070 Quintilianus
768 3976 857 4062 vul,
890 3984 975 4066 6,57
1015 3972 1178 4067 speciem
1217 3969 1421 4065 allegoriae

123 4107 219 4181 dicit.
263 4105 336 4177 Alii
364 4107 536 4178 rhetores
564 4106 660 4176 hanc
690 4129 759 4199 pro
787 4121 899 4198 tropo
926 4102 1143 4173 habuerunt.
1185 4096 1422 4192 Perspicuum

122 4237 231 4333 igitur
251 4251 308 4306 est
327 4250 503 4331 quantum
523 4234 617 4305 inter
637 4259 680 4304 se
706 4232 876 4304 differant
895 4226 1024 4326 singuli
1045 4229 1212 4299 rhetores
1241 4225 1277 4295 in
1305 4223 1424 4318 tropis

124 4362 348 4439 definiendis.
406 4361 442 4433 A
472 4361 600 4435 Servio
630 4359 678 4433 ad
707 4359 864 4434 Aeneid.
901 4377 982 4451 1,77
1013 4357 1070 4429 hic
1100 4372 1228 4450 tropus
1256 4350 1425 4424 litotes
