3074 4980
600 471 629 516 c.
657 443 857 541 Enallages
885 447 1042 541 'generis

286 654 420 744 1,8‚13:
451 653 601 723 Frustra
630 668 813 725 mutantur
841 653 995 724 amictus
1031 678 1195 748 ansaque
1226 678 1469 748 compressos

171 778 324 872 colligat
361 795 440 850 arta
474 779 605 874 pedes.
646 803 787 871 2,1‚43:
826 780 930 850 Tunc
967 778 1085 851 victus
1119 781 1245 852 abiere
1276 781 1353 868 seri,
1384 797 1468 852 tunc

173 901 318 978 consita
347 931 488 1001 pomus.
521 930 696 996 4‚1‚190:
729 908 875 980 Cadant
902 905 1123 1003 spolierque.

279 1033 360 1104 l·loc
388 1031 476 1105 loco
506 1033 640 1123 afferre
670 1032 756 1107 licet
786 1035 981 1130 participia.
1011 1058 1106 1128 quae
1142 1033 1293 1104 sormam
1331 1033 1469 1104 habent

170 1161 272 1232 verbi
314 1161 496 1256 patiendi,
539 1163 609 1262 sed
651 1163 870 1247 sententiam
913 1162 1016 1234 verbi
1060 1142 1205 1256 agentis
1248 1156 1466 1253 significant.

170 1288 281 1359 Potus
321 1291 464 1378 2,5,89:
509 1285 570 1360 llle
605 1287 694 1360 levis
731 1287 888 1385 stipulae
928 1291 1125 1362 sollemnes
1163 1303 1272 1382 potus
1307 1311 1467 1359 acervos

170 1417 362 1488 accendet.
548 1484 549 1488 ,

608 1566 642 1638 d.
674 1564 875 1662 Enallages
902 1567 1016 1639 modi.

280 1717 413 1805 1,8‚33:
457 1713 549 1785 Huic
591 1732 628 1785 tu
669 1715 871 1786 candentes
918 1741 1044 1787 umero
1080 1738 1250 1808 suppone
1290 1712 1464 1798 lacertoS,

169 1856 206 1911 et
235 1866 363 1937 regum
392 1867 550 1938 magnae
581 1842 828 1936 despiciantur
858 1867 963 1936 opes.

528 2009 560 2056 e.
591 1981 792 2079 Enallages
822 1984 915 2056 aliae
944 1985 1101 2078 species,

273 2137 457 2209 Adiectivi
485 2139 624 2234 gradus
653 2155 836 2210 mutantur
869 2162 1007 2238 2,'1‚2o:
1049 2139 1131 2210 Neu
1165 2139 1293 2211 timeat
1319 2135 1465 2208 celeres

167 2264 310 2336 tardior
339 2291 435 2361 agna
463 2267 584 2359 lupos.
641 2265 843 2338 Praeterea
861 2246 944 2337 'hoc
979 2265 1067 2337 loco
1097 2264 1465 2337 commemorandum

166 2408 225 2463 est
252 2389 434 2464 Tibullum
463 2395 579 2465 semel
608 2417 701 2463 voce
740 2393 892 2465 videndi
927 2393 978 2465 ita
1014 2418 1114 2465 usum
1149 2418 1235 2463 esse
1276 2409 1315 2464 ut
1358 2415 1463 2464 accu-

164 2518 317 2590 sativum
347 2543 430 2590 cum
459 2519 631 2592 infinitivo
660 2521 890 2593 coniunctum
920 2523 1020 2592 solus
1059 2520 1287 2591 accusativus
1317 2545 1338 2590 e
1367 2544 1462 2590 voce

163 2645 317 2718 videndi
343 2645 513 2740 pendens
548 2665 734 2742 sequatur.
780 2669 922 2739 2‚5,51:
966 2648 1022 2718 Te
1061 2671 1211 2741 quoque
1238 2646 1309 2719 iam
1337 2646 1464 2732 vide0,

166 2772 271 2844 Marti
312 2774 486 2867 placitura
527 2774 706 2846 sacerdos
749 2772 830 2863 Ilia,
872 2773 1047 2846 Vestales
1089 2775 1301 2846 deseruisse
1342 2774 1463 2861 focos

163 2899 452 2994 concubitusque
490 2920 574 2972 tuos
612 2902 731 2973 furtim
777 2902 961 2997 vittasque
995 2902 1161 2974 iacentes
1196 2918 1235 2973 et
1265 2902 1386 2996 cupidi
1415 2902 1466 2974 ad

164 3027 263 3121 ripas
292 3051 395 3098 arma
423 3026 547 3099 relicta
577 3029 649 3102 dei.

538 3307 569 3371 γ.
600 3277 812 3372 Hypallage
843 3277 1100 3372 epithetorum.
1155 3354 1156 3357 Ἴ

270 3484 391 3576 Quum
433 3485 530 3556 haec
558 3485 673 3579 figura
710 3486 780 3556 iam
818 3486 916 3580 apud
953 3487 1152 3580 pedestres
1185 3485 1386 3578 scriptores
1413 3484 1463 3556 in-

162 3612 343 3696 veniatur,
385 3638 467 3684 eam
503 3639 525 3684 a
559 3610 706 3711 Tibullo
750 3637 897 3706 quoque
941 3612 1108 3685 adhiberi
1150 3637 1258 3684 nemo
1300 3611 1368 3684 erit
1400 3611 1463 3706 qui

164 3739 317 3810 miretur.
346 3742 490 3827 1,4,80:
511 3740 684 3813 Deducat
703 3740 867 3811 iuvenum
888 3737 1017 3810 sedula
1036 3740 1142 3811 turba
1161 3765 1298 3812 senem.
1324 3742 1463 3831 2‚1,85:

164 3865 256 3937 Nam
287 3867 393 3938 turba
420 3867 548 3938 iocosa
575 3867 767 3962 obstrepit.
804 3878 944 3960 1,5‚56:
978 3869 1068 3938 Post
1094 3884 1182 3960 agat
1210 3894 1231 3939 e
1261 3866 1374 3937 triviis
1404 3892 1461 3937 as·

163 4018 254 4088 pera
274 3994 379 4065 turba
400 4017 539 4066 canum.
576 3999 742 4088 1,1o‚38:
774 3997 883 4069 Errat
912 3997 960 4068 ad
976 3996 1162 4066 obscuros
1190 3992 1326 4090 pallida
1353 3994 1461 4066 turba

162 4118 274 4194 lacus.
317 4163 354 4173 -
386 4139 503 4209 1‚7,7:
533 4121 585 4194 At
613 4141 650 4196 te
680 4125 849 4196 victrices
869 4122 1003 4206 lauros,
1033 4120 1219 4202 Messalla,
1252 4135 1459 4218 gerentem.

169 4250 303 4339 1,7,48:
341 4246 388 4317 Et
422 4245 512 4320 levis
548 4249 698 4322 occultis
736 4251 887 4322 conscia
923 4250 1014 4321 cista
1050 4249 1175 4320 sacris,
1218 4253 1357 4338 2,1‚69:
1387 4245 1480 4319 Illic.
1513 4294 1525 4363 ί

161 4376 312 4455 indocto
333 4374 484 4473 primum
504 4402 545 4450 se
567 4378 732 4454 exercuit
751 4403 850 4454 arcu.
884 4397 1029 4473 2,3,37:
1058 4377 1203 4450 Praeda
1230 4376 1327 4448 seras
1355 4375 1460 4449 acies
1531 4394 1535 4399 ·
