3074 4980
805 224 844 282 28

175 427 424 524 Antiphonte
462 432 675 520 Andocide,
720 435 832 528 Lysia
866 433 1097 507 adhibentur
1156 434 1311 527 Longin.
1347 432 1388 505 fr.
1429 459 1469 524 3:

167 547 240 626 Ότι
269 555 382 648 τροπὴ
410 559 447 626 ὲκ
475 564 541 627 τοῦ
570 562 777 655 παιούργου
796 568 854 632 καλ
878 561 1063 650 εξάλλαξις
1082 560 1275 653 σύὁέμία’
1256 590 1301 653 ην
1330 565 1368 632 ἐν
1396 576 1473 644 τοῖς

173 678 338 774 ἅρχαῑοις,
365 680 454 753 ἀλλὰ
481 691 539 755 καὶ
566 695 631 759 cor}
656 697 723 761 νοῦ
750 689 911 782 σχήματα
938 688 1006 783 ὀψέ
1030 717 1118 760 ποτε
1146 692 1196 772 εἰς
1177 689 1309 772 §roric
1335 691 1472 759 δικανι-

172 809 259 893 κοὺς
292 811 420 903 λόγους
455 821 704 908 παρεισῆλθεν·
745 813 767 909 ἦ
798 804 932 889 πλείων
965 817 1032 910 γὰρ
1067 815 1190 900 αὐτοῖς
1225 816 1363 908 σπουδὴ
1390 821 1473 911 περὶ

173 937 240 1029 τὴν
277 941 374 1026 λέξιν
409 947 466 1011 καὶ
504 942 568 1013 τὸν
601 944 736 1039 ταύτης
770 945 904 1037 κόσμον
935 937 980 1037 ἦν
1013 949 1070 1014 καὶ
1105 945 1173 1037 τὴν
1199 943 1385 1038 σηνθήκην
1412 949 1473 1014 καὶ

172 1065 240 1158 τὴν
266 1062 453 1160 ἁρμονίαν.

279 1215 406 1312 Itaque
436 1219 535 1311 prius
566 1221 731 1294 dicemus

491 1495 552 1568 de
597 1497 800 1592 liguris
842 1499 1146 1571 verborum.

279 1708 519 1799 Quintilianus
554 1712 623 1784 has
664 1712 800 1808 figuras
832 1713 865 1784 in
902 1713 975 1784 duo
1004 1737 1145 1806 genera
1175 1713 1312 1797 dividit,
1349 1737 1470 1807 genus

171 1838 525 1928 grammaticum
558 1855 597 1911 et
622 1866 741 1934 genus
775 1841 1079 1912 rhetoricum.
1137 1840 1238 1913 Prius
1267 1840 1307 1911 fit
1334 1839 1467 1913 iisdem

170 1964 371 2056 generibus
392 1967 521 2061 quibus
541 1968 635 2039 vitia.
678 1967 792 2040 Esset
811 1968 904 2039 enim
920 1967 1096 2039 orationis
1113 1967 1266 2039 schema
1286 1967 1417 2048 vitium,
1440 1967 1471 2039 si

172 2116 243 2162 non
259 2108 452 2185 peteretur
467 2095 534 2165 sed
555 2095 754 2166 accideret.
783 2094 920 2166 Verum
942 2095 1159 2167 auctoritate
1179 2111 1365 2167 vetustate
1381 2120 1468 2165 con-

171 2220 363 2291 suetudine
385 2223 599 2318 plerumque
621 2222 838 2306 defenditur,
859 2248 975 2318 saepe
996 2222 1107 2295 etiam
1128 2223 1269 2294 ratione
1292 2221 1466 2318 quadam.

170 2347 335 2443 Ideoque
364 2374 443 2420 cum
472 2351 519 2420 sit
538 2376 560 2420 a
579 2348 731 2445 simplici
751 2368 933 2446 rectoque
953 2348 1128 2444 loquendi
1143 2375 1283 2445 genere
1304 2349 1469 2434 deflexa,

169 2477 282 2547 virtus
311 2493 380 2563 est,
411 2476 441 2546 si
460 2477 573 2548 habet
592 2479 787 2573 probabile
813 2476 948 2574 aliquid
978 2478 1079 2573 quod
1107 2492 1292 2572 sequatur.
1325 2477 1465 2571 (Quint.

172 2603 233 2690 lX,
265 2608 352 2698 3,2).
409 2603 583 2675 Attamen
611 2631 656 2676 ne
684 2605 917 2692 cumulentur,
947 2606 1314 2679 cavendummonet.
1359 2605 1468 2676 ·Con-

173 2749 230 2802 tra
266 2757 383 2826 genus
419 2732 639 2804 rhetoricum
676 2733 916 2826 Quintilianus
949 2734 1068 2805 acrius
1104 2759 1190 2805 esse
1230 2733 1326 2820 dicit,
1364 2734 1468 2828 quod

172 2885 241 2931 non
272 2876 407 2931 tantum
445 2861 478 2932 in
515 2862 656 2933 ratione
692 2862 852 2955 positum
888 2861 942 2942 sit,
974 2861 1043 2931 sed
1070 2860 1159 2954 ipsis
1187 2861 1357 2932 sensibus
1387 2886 1471 2931 cum

172 2989 327 3081 gratiam
356 3003 430 3058 tum
460 2989 570 3060 etiam
599 2989 697 3060 vires
728 2988 961 3060 accomodet.
993 2987 1068 3081 (IX,
1103 2991 1221 3082 3‚28).

279 3115 558 3211 Distinguuntur
577 3115 773 3212 figurarum
789 3116 1109 3209 grammaticarum
1125 3132 1299 3209 quattuor
1314 3140 1469 3209 genera,

172 3243 325 3338 primum
349 3269 445 3337 quae
474 3268 542 3337 per
562 3244 807 3328 mutationem,
837 3244 972 3315 deinde
1002 3269 1098 3338 quae
1119 3268 1187 3337 per
1214 3243 1471 3327 adiectionem,

171 3372 245 3442 tum
273 3397 368 3467 quae
389 3396 456 3465 per
478 3372 752 3452 detractionem,
782 3368 942 3463 denique
962 3394 1058 3464 quae
1084 3395 1152 3464 per
1179 3368 1346 3441 ordinem
1372 3370 1472 3442 fiunt.

173 3499 328 3594 Figuras
359 3481 569 3570 rhetoricas¹
607 3497 736 3569 dividit
770 3497 923 3591 primurn
957 3496 991 3566 in
1025 3522 1091 3567 eas
1124 3523 1221 3592 quae
1257 3496 1472 3569 adiectione

172 3626 269 3714 fiunt,
301 3627 434 3698 deinde
455 3652 552 3721 quae
573 3625 802 3697 detractione
823 3623 918 3707 fiunt,
948 3624 1108 3720 denique
1140 3649 1236 3719 quae
1266 3641 1329 3695 aut
1353 3623 1475 3696 simili-

172 3755 295 3826 tudine
328 3751 448 3848 aliqua
486 3778 616 3824 vocum
652 3768 713 3824 aut
746 3752 895 3846 paribus
931 3769 993 3822 aut
1028 3752 1220 3823 contrariis
1255 3750 1476 3825 convertunt

172 3883 205 3954 in
234 3908 275 3954 se
305 3907 413 3952 aures
442 3897 481 3952 et
510 3881 682 3953 excitant.
748 3879 854 3950 Hunc
884 3877 1092 3972 Quintiliani
1121 3864 1475 3952 ordinem'mutabi·

172 4036 251 4082 mus
281 4009 453 4104 priusque
483 4034 636 4103 agemus
665 4008 713 4078 de
742 4007 868 4100 liguris
890 4007 1079 4079 rhetoricis
1101 4033 1197 4102 quae
1218 4007 1324 4080 nobis
1351 4032 1474 4100 gram·

171 4137 311 4209 maticis
339 4137 530 4232 graviores
569 4137 746 4207 videntur.
801 4135 928 4229 Atque
965 4135 1118 4228 primurn
1154 4160 1308 4230 agemus
1345 4133 1395 4205 de
1429 4135 1474 4207 iis

174 4290 269 4361 quae
298 4264 508 4339 adiectione
528 4263 624 4351 fiunt,
655 4261 789 4336 deinde
811 4287 907 4360 quae
928 4262 1169 4349 detractione,
1192 4261 1350 4356 danique
1372 4285 1473 4358 quae
