3074 4980
134 457 415 547 Eboracensem
448 456 512 553 (A)
541 483 638 531 anno
679 482 774 552 1425
828 460 1027 556 scriptum·
1050 458 1249 532 Parisinum
1294 458 1434 553 regium

136 587 238 678 7989
268 585 341 682 (B),
383 604 583 682 praeterea
620 604 696 661 tres
735 587 847 660 libros
883 589 1128 682 interpolatos
1163 588 1226 683 qui
1260 587 1354 660 inter
1388 610 1430 659 se

133 713 369 786 consentiunt
397 712 474 815 (C),
507 714 732 801 Wittianum
768 716 968 799 Damnum,
1008 714 1280 789 Askewianum.
1338 715 1430 786 Post

132 822 409 915 Lachmannum
442 868 509 938 per
542 842 688 916 multum
721 860 867 940 tempus
901 841 984 916 nihil
1026 843 1105 916 sere
1142 859 1315 916 mutatum
1360 858 1430 917 est.

131 969 353 1065 Nuperrime
383 970 528 1043 demum
558 996 657 1046 nova
686 973 773 1045 artis
801 972 948 1045 criticae
977 971 1141 1045 subsidia
1176 971 1322 1044 inventa
1348 985 1432 1043 sunt

132 1124 157 1169 a
184 1097 424 1171 Baehrensio.
479 1100 590 1193 (Edit.
629 1100 701 1172 Tib
751 1100 849 1196 Lips.
894 1101 1019 1196 1878.)
1087 1100 1215 1196 Itaque
1237 1100 1287 1171 ·in
1316 1099 1431 1172 tribus

132 1227 346 1315 codicibus,
381 1252 476 1325 quos
512 1230 761 1302 nominaturus
791 1248 880 1311 sum,
916 1227 1154 1300 fundamenta
1187 1228 1319 1324 posita
1347 1243 1431 1300 sunt

132 1356 223 1428 artis
250 1356 407 1429 criticae.
463 1357 535 1450 Qui
565 1374 662 1429 sunt:

245 1488 277 1581 ι)
310 1484 441 1558 Codex
468 1484 737 1558 Ambrosianus
766 1487 800 1557 R
830 1494 875 1556 26
906 1481 986 1585 (A),
1016 1508 1115 1556 saec.
1137 1482 1224 1556 XIV
1250 1483 1284 1555 in
1314 1483 1427 1579 scrip-

132 1629 214 1685 tura
229 1612 390 1687 Gothica
409 1632 592 1687 exaratus.
650 1614 765 1685 Huius
785 1613 924 1684 codicis
944 1637 1143 1708 possessor
1163 1628 1245 1684 erat
1266 1611 1431 1684 Colutius

131 1739 320 1813 Salutatus
347 1741 407 1838 qui
436 1766 532 1813 anno
572 1764 669 1835 1374
706 1740 836 1813 Catulli
871 1758 909 1814 et
943 1741 1122 1836 Propertii
1159 1738 1430 1836 exemplaribus

134 1869 357 1963 quaerendis
377 1870 561 1943 studebat.
591 1870 719 1967 ltaque
738 1887 840 1942 certe
857 1870 953 1942 circa
971 1869 1067 1940 hunc
1082 1893 1214 1940 annum
1236 1883 1341 1940 natus
1362 1883 1429 1940 est.

244 1996 283 2100 2)
312 1996 444 2070 Codex
470 1997 669 2070 Vaticanus
699 2020 801 2091 3270
816 1998 890 2092 (V),
915 2013 1067 2091 praeter
1093 1995 1276 2068 Tibullum
1304 1995 1429 2069 Ovidii

129 2124 179 2197 de
216 2126 390 2198 remediis
428 2127 564 2198 amoris
599 2126 713 2198 libros
747 2125 934 2197 continens
967 2123 1118 2197 saeculo
1152 2125 1307 2220 scriptus
1341 2123 1428 2196 XIV

129 2269 292 2326 exeunte
325 2254 449 2350 potius
484 2280 590 2351 quam
624 2254 772 2326 ineunte
806 2254 877 2325 XV
916 2253 1072 2326 testibus
1111 2253 1156 2326 G.
1194 2254 1362 2325 Loewe
1392 2268 1430 2324 et

130 2380 181 2453 A.
211 2381 322 2454 Mau.

240 2506 313 2600 Qui
339 2509 465 2582 mirum
493 2510 526 2581 in
554 2511 704 2582 modum
724 2511 815 2581 inter
843 2535 885 2581 se
915 2509 1156 2594 consentiunt,
1187 2523 1225 2579 ut
1251 2522 1350 2579 certe
1380 2533 1427 2579 ex

127 2636 269 2710 eodem
287 2637 490 2733 archetypo
509 2638 684 2713 fluxerint.
741 2636 867 2734 Atque
889 2663 935 2709 ex
953 2637 1009 2708 his
1033 2662 1113 2708 cum
1140 2635 1425 2708 Lachmanniani

128 2784 208 2837 tum
234 2765 350 2837 ceteri
376 2763 541 2862 plerique
571 2767 722 2839 codices
750 2767 936 2839 fluxerunt.

237 2893 316 2966 Sed
343 2910 492 2988 praeter
521 2920 590 2967 eos
620 2896 736 2967 altera
772 2893 905 2967 familia
939 2909 1062 2967 exstat
1099 2891 1275 2978 codicum,
1312 2915 1424 2986 quam

115 3021 390 3118 ¹cognoscimus
419 3023 599 3095 e·codice
627 3048 650 3095 a
686 3022 912 3095 Baehrensio
945 3023 1103 3105 invento
1141 3020 1225 3092 dico
1255 3016 1422 3093 Guelfer-

123 3151 268 3243 bytano
297 3150 430 3222 codice
457 3150 534 3245 (G),
563 3151 662 3223 cuius
681 3151 838 3248 scriptor
858 3150 1180 3244 Langobardicam
1209 3148 1424 3242 scripturam

123 3277 289 3350 imitatus
328 3295 387 3351 est
427 3295 466 3351 ut
508 3280 632 3352 codex
673 3277 809 3352 saeculi
850 3279 981 3352 decimi
1021 3280 1079 3350 vel
1119 3275 1296 3349 undecimi
1339 3299 1424 3346 esse

123 3404 305 3480 videatur.
366 3406 548 3480 Exaratus
584 3426 642 3480 est
688 3406 839 3481 saeculo
886 3407 1030 3479 decimo
1063 3406 1200 3501 quinto
1235 3419 1424 3498 posteaa

123 3559 235 3607 manu
264 3536 472 3608 recentiore
503 3537 737 3609 emendatus,
794 3535 878 3608 Hoc
899 3536 1029 3608 codice
1051 3533 1202 3605 Puccius
1223 3557 1309 3602 usus
1337 3556 1423 3603 esse

123 3661 285 3751 videtur,
321 3689 431 3759 quum
470 3667 563 3754 1481
605 3665 802 3737 editionem
841 3664 1070 3760 Regiensem
1106 3659 1425 3733 emendationibus

104 3790 293 3887 ¹'augeret
350 3792 418 3864 Hic
439 3792 562 3865 codex
577 3793 701 3865 mirum
721 3793 757 3863 in
775 3793 920 3864 modum
936 3790 1120 3863 consentit
1136 3813 1216 3860 cum
1240 3785 1423 3881 excerptis

122 3936 225 4014 quae
252 3918 325 3991 iam
354 3945 466 4014 supra
501 3921 869 3992 commemoravimus
899 3919 1079 4001 ParisiniS,
1114 3932 1154 3987 ut
1180 3913 1423 3985 Baehrensius

121 4028 273 4119 uberius
302 4046 532 4119 demonstrat
563 4048 597 4118 in
620 4048 905 4141 prolegomenis,
961 4047 1078 4117 Recte
1116 4041 1174 4114 ille
1209 4041 1264 4112 vir
1292 4040 1425 4111 doctus

119 4200 170 4247 ex
199 4172 262 4245 illo
289 4197 471 4247 consensu
500 4173 683 4247 concludit
716 4177 767 4247 G'
784 4191 822 4247 et
854 4189 1032 4268 excerpta
1070 4169 1232 4242 Parisina
1270 4168 1317 4239 ab
1353 4167 1423 4238 alia

113 4326 235 4399 quam
254 4299 426 4373 familiam
447 4301 519 4374 AV
541 4303 684 4397 origine
704 4318 786 4373 orta
806 4327 903 4373 esse.
946 4299 1122 4372 Attamen
1143 4320 1271 4368 eorum
1290 4318 1421 4389 paren-

112 4448 180 4504 tes
210 4453 259 4498 ex
287 4427 424 4500 eodem
453 4431 659 4525 archetypo
697 4430 771 4500 nati
800 4444 891 4514 sunt,
923 4427 1024 4522 quod
1052 4443 1091 4498 ut
1127 4448 1238 4520 supra
1274 4421 1425 4492 diximus
