3074 4980
99 1610 327 1738 Perlegenti
354 1641 436 1712 mihi
472 1639 770 1713 dissertationem
801 1638 999 1738 Gebbingii
1035 1639 1093 1737 qui
1128 1638 1176 1713 de
1211 1637 1327 1736 tropis
1363 1653 1401 1712 et
1441 1635 1447 1652 '

101 1772 229 1870 figuris
258 1770 356 1866 apud
375 1767 557 1842 Valerium
577 1771 748 1846 Flaccum
763 1772 914 1843 uberius
935 1769 1022 1865 egit,
1056 1770 1283 1866 (dissertatio
1304 1770 1399 1841 inau-

99 1897 241 1998 guralis
261 1897 508 1970 universitatis
525 1899 801 1994 Marburgensis
826 1903 949 1995 1878),
971 1924 1111 1994 operae
1127 1899 1281 1994 pretium
1302 1897 1400 1970 vide-

98 2030 210 2100 batur
230 2052 411 2123 quaerere
433 2025 624 2122 quomodo
641 2026 806 2099 Tibullus
825 2028 860 2099 in
880 2028 1097 2099 carminibus
1117 2028 1158 2099 iis
1176 2053 1263 2099 usus
1284 2036 1398 2100 esset.

98 2156 283 2228 Attamen
309 2156 521 2250 priusquam
550 2154 598 2226 ad
627 2154 664 2227 id
693 2156 794 2252 quod
819 2156 925 2228 nobis
946 2156 1203 2252 proposuimus
1228 2155 1399 2253 aggredi-

82 2309 213 2371 amur,
228 2283 314 2383 ¹hoc
333 2281 595 2361 locobreviter
621 2309 814 2380 exponere
840 2282 956 2380 qualis
983 2283 1030 2354 sit
1053 2284 1247 2356 carminum
1268 2282 1398 2355 Tibulli

99 2411 272 2495 historia,
303 2435 374 2482 non
414 2407 567 2482 alienum
602 2412 648 2483 sit
676 2439 698 2483 a
733 2438 773 2484 re
808 2411 1011 2507 proposita.
1067 2410 1194 2508 Atque
1232 2412 1398 2484 omnibus

98 2540 324 2612 notissimum
354 2554 412 2611 est
441 2547 614 2635 quantum
644 2540 899 2612 Lachmannus
929 2541 1046 2636 prima
1081 2542 1244 2614 editione
1272 2541 1399 2614 critica

98 2669 148 2741 de
175 2666 323 2740 Tibullo
365 2668 535 2740 meritus«l
552 2667 608 2741 sit.
666 2669 831 2740 Codices
861 2669 992 2764 quibus
1020 2695 1106 2741 usus
1136 2687 1196 2742 est
1231 2671 1396 2766 plerique

96 2796 324 2871 recentiores
361 2812 444 2868 sunt
482 2820 685 2891 eorumque
724 2797 985 2892 archetypum,
1022 2814 1060 2870 ut
1097 2798 1139 2872 L.
1168 2796 1398 2870 Muellero

93 2924 250 3025 videtur,
280 2924 454 3020 scriptum
475 2938 534 2995 est
553 2922 714 2996 Caroli
742 2925 901 3020 Magni
931 2926 1170 3021 temporibus.
1215 2927 1294 2998 Sed
1313 2952 1398 2999 num

95 3053 217 3124 omnia
247 3053 468 3149 apographa
497 3052 545 3122 ab
578 3075 625 3124 eo
659 3055 866 3148 repetenda
904 3055 985 3142 sint,
1016 3054 1127 3126 valde
1157 3053 1393 3126 dubitandum

95 3197 164 3254 est.
210 3178 267 3252 Ac
287 3180 441 3276 primum
463 3179 611 3276 quidem
641 3206 687 3252 ex
714 3205 841 3254 eorum
870 3206 1021 3255 numero
1049 3181 1116 3253 tria
1145 3181 1278 3254 afferre
1307 3181 1395 3254 volo

96 3334 119 3379 a
147 3307 190 3382 L.
219 3306 454 3381 Muellero
484 3327 783 3382 commemorata.
815 3311 874 3407 (cf.
896 3310 1011 3406 praef.
1034 3311 1119 3383 edit.
1139 3309 1271 3384 Tibull.
1293 3310 1393 3406 Lips

102 3439 229 3532 1874).
260 3436 368 3508 Haec
397 3453 498 3508 sunt:

208 3568 240 3660 1)
269 3564 529 3662 Fragmentum
559 3564 791 3638 Cuiacianum
823 3592 844 3637 a
871 3564 950 3638 libri
978 3566 1021 3637 ΙΙΙ
1050 3565 1216 3638 carminis
1243 3589 1395 3657 4versu

97 3664 143 3784 65
166 3691 356 3788 incipiens,
386 3693 485 3765 cuius
503 3692 685 3766 lectiones
706 3720 727 3765 a
753 3692 944 3791 Scaligero
965 3694 1117 3766 editioni
1136 3694 1394 3778 Plantinianae,

96 3846 192 3916 quae
222 3845 320 3893 anno
354 3830 450 3914 1569
471 3821 617 3917 prodiit,
647 3822 808 3896 insertae
828 3838 922 3895 sunt.
966 3822 1108 3914 Quibus
1135 3822 1393 3894 Lachmannus

95 3952 246 4044 quoque
276 3973 363 4020 usus
383 3965 443 4022 est
461 3950 625 4022 adhibita
642 3948 782 4022 Aldina
798 3950 881 4022 anni
907 3971 1002 4042 1515
1023 3949 1058 4022 in
1080 3934 1197 4046 quam'
1216 3965 1392 4045 receptae

16 4077 52 4133 ·'
74 4091 189 4148 sunt.
246 4074 405 4148 Hodie
397 4102 432 4148 m
459 4075 681 4149 bibliotheca
702 4076 943 4173 Lugdunensi
969 4076 1127 4150 habetur
1153 4076 1248 4149 inter
1275 4076 1390 4148 libros

10 4210 28 4343 l

10 4508 36 4833 l

94 4201 293 4297 Lipsianos
321 4202 385 4276 Nr.
417 4225 478 4296 59.

114 4356 118 4365 ¹
206 4335 241 4427 2)
206 4330 437 4404 2Alterum
465 4333 710 4428 apographon
739 4331 942 4404 diutissime
962 4330 1220 4404 absconditum
1242 4327 1392 4402 saeculo

95 4458 183 4531 XIV
223 4484 345 4531 rursus
388 4459 574 4542 inventum
618 4477 656 4533 et
698 4461 734 4532 in
773 4457 910 4532 ltaliam
959 4474 1188 4555 asportatum
1234 4455 1388 4531 videtur
