3074 4980
619 234 830 319 *23*

68 433 287 530 Tractaque
317 433 364 505 de
394 433 501 507 niveo
530 431 667 507 vellere
697 433 809 507 dente
837 449 943 529 putat
970 435 1028 509 ie.
1058 433 1171 535 dente
1199 436 1367 529 pectinis.

78 563 222 652 1,9,68:
249 560 324 632 Aut
343 579 472 634 tenues
502 563 618 635 denso
636 580 791 658 pectere
811 563 924 635 dente
945 586 1083 636 comas.
1113 567 1251 648 1,2,18:
1294 564 1387 636 Seu.

68 704 216 761 reserat
238 688 310 761 fixo
347 691 459 763 dente
482 688 603 787 puella
624 690 725 763 fores
746 691 803 764 ie.
825 688 916 763 clavi
947 688 1162 765 adulterina.
1187 715 1367 782 ·4,1‚100:

69 818 168 892 Turn
190 817 253 915 tibi
277 843 351 891 non
377 819 474 890 desit
496 819 626 892 faciem
644 844 873 915 componere
898 822 1059 916 pugnae.
1079 843 1222 912 3‚1,13:
1242 819 1368 916 Atque

68 948 167 1020 inter
179 947 347 1054 geminas
362 948 558 1043 pingantur
583 971 722 1019 cornua
744 947 896 1032 frontes,
912 947 970 1020 ubi
993 972 1132 1020 cornua
1147 949 1249 1042 scapi
1267 948 1369 1046 fines,
1400 956 1401 961 ’

69 1076 214 1149 frontes
233 1075 436 1173 marginem
458 1075 535 1148 libri
559 1075 772 1173 significant.
793 1098 962 1167 4,1,102.
984 1095 1129 1168 4‚1,54:
1145 1075 1240 1150 Nam
1261 1076 1368 1150 Cico-

67 1229 232 1300 numque
255 1230 382 1276 manus
413 1204 582 1276 adversis
610 1201 768 1299 reppulit
796 1204 905 1276 armis
931 1203 990 1277 i.e.
1007 1201 1369 1281 ·multitudihem.vel

68 1331 232 1428 copiam.
266 1337 417 1441 3,5‚16:
448 1331 528 1403 Nec
556 1332 653 1405 venit
681 1330 791 1404 tardo
817 1358 927 1404 curva
955 1349 1108 1404 senecta
1135 1333 1244 1428 pede.

179 1460 235 1534 Ex
255 1459 461 1533 animalium
478 1485 627 1532 numero
655 1460 856 1532 invenimus
883 1486 1011 1559 canem
1035 1485 1103 1556 pro
1126 1461 1250 1534 sidere
1268 1488 1368 1534 usur·
1445 1498 1453 1517 ν

69 1604 208 1685 patum.
244 1609 379 1679 1,2,27:
411 1589 490 1662 Sed
519 1589 630 1662 Canis
660 1588 823 1660 aestivos
853 1606 954 1661 ortus
982 1588 1096 1661 vitare
1134 1591 1201 1661 sub
1229 1591 1368 1664 umbra.

76 1691 214 1809 1‚4,42⁴.
245 1739 338 1810 3‚5,2
371 1716 416 1789 cf.
448 1741 587 1806 4‚1,11.
645 1717 785 1790 Cervus
815 1720 958 1808 4,1‚84:
987 1717 1154 1808 Qualiter
1184 1716 1370 1792 ¹adversos

70 1846 169 1918 hosti
198 1845 365 1943 defigere
398 1869 533 1918 cervos
569 1845 626 1918 i.e.
657 1845 792 1941 stirpes
829 1838 1024 1917 furcillatas
1068 1845 1198 1941 quibus
1239 1846 1369 1920 hostes

69 1972 290 2071 propellunt.
320 1974 472 2047 Concha
502 1995 641 2065 3‚3,34:
686 1973 734 2044 Et
760 1972 890 2046 faveas
912 1973 1068 2062 concha,
1099 1972 1248 2070 Cypria,
1263 1988 1373 2048 vecta

70 2119 135 2175 tua
161 2103 181 2175 i.
210 2130 243 2176 e.
272 2118 369 2175 testa
396 2101 573 2174 conchae.

178 2230 263 2304 Vox
287 2231 463 2302 ›domus‹
487 2254 612 2323 3‚2,22
631 2255 698 2326 pro
716 2257 807 2303 urna
822 2246 999 2327 usurpata
1023 2246 1092 2303 est.
1118 2233 1262 2320 1,8‚7o:
1288 2229 1370 2304 Nec

71 2359 230 2456 prodest
258 2358 394 2431 sanctis
423 2375 503 2431 tura
531 2359 681 2431 dedisse
721 2358 810 2430 focis
847 2357 869 2430 i.
906 2384 940 2431 e,
978 2358 1059 2430 aris.
1102 2379 1241 2450 2,4‚53:
1276 2357 1372 2451 Quin

72 2487 184 2560 etiam
217 2485 331 2560 sedes
361 2484 612 2588 (domicilium)
654 2487 781 2559 iubeat
819 2486 848 2558 si
890 2485 1054 2559 vendere
1093 2484 1219 2558 avitas.
1262 2509 1370 2577 1‚4,1:

73 2615 135 2688 Sic
164 2616 337 2688 umbrosa
365 2616 429 2688 tibi
459 2615 673 2712 contingant
701 2631 800 2688 tecta
827 2615 884 2688 ie.
915 2614 1039 2687 silvae.

183 2742 244 2815 Ad
265 2769 353 2815 arva
380 2741 581 2838 similiaque
611 2743 704 2815 haee
733 2758 916 2838 spectant.
949 2765 1090 2834 3,4‚9r:
1121 2741 1285 2814 Barbara
1304 2768 1372 2815 nec

76 2871 249 2966 Scythiae
279 2874 385 2943 tellus
413 2872 467 2943 ie.
495 2872 599 2966 regio
635 2870 693 2944 vel
729 2873 834 2945 fine-s.
869 2875 1007 2964 1³8‚39=
1048 2869 1133 2943 Non
1161 2867 1253 2966 lapis
1278 2870 1376 2945 hanc

75 3024 325 3097 gemmaeque
354 3000 483 3071 iuvant.
541 3000 627 3071 Hoc
657 3003 742 3076 loco
771 2999 865 3095 lapis
894 3015 952 3072 est
985 3024 1131 3094 gemma
1158 3024 1232 3071 non
1260 2996 1372 3095 pellu-

75 3127 171 3200 cida.
205 3151 324 3220 2,3‚43
355 3124 448 3223 lapis
477 3127 575 3200 idem
605 3145 663 3200 est
691 3153 737 3201 ac
762 3129 945 3201 terminus
981 3149 1145 3219 1,10‚59:
1176 3126 1289 3222 Lapis
1316 3144 1375 3200 est

77 3241 286 3350 ferrumque
312 3256 333 3328 i.
351 3282 382 3328 e.
409 3256 624 3328 inhumanus
653 3272 721 3329 est.

184 3384 342 3479 Saepius
364 3384 475 3457 ratis
500 3383 751 3478 metaphorice
771 3383 976 3455 adhibetur.
1012 3405 1151 3474 1‚3‚40:
1182 3383 1375 3456 Presserat

77 3528 233 3584 externa
261 3512 383 3613 navita
412 3537 534 3584 merce
563 3527 690 3584 ratem.
736 3516 869 3602 1‚4‚46.
905 3531 1035 3601 1,7,20.
1072 3533 1203 3601 1‚9‚10.
1236 3534 1373 3602 2,3‚40.

79 3663 219 3733 3,3,10.
252 3662 391 3731 3‚5,24.
448 3640 585 3721 Rostra
618 3662 764 3730 2,3,4o:
809 3637 947 3711 Bellica
984 3663 1066 3710 cum
1104 3638 1222 3733 dubiis
1257 3655 1376 3712 rostra

77 3768 184 3840 dedit
203 3767 351 3840 ratibus.
394 3770 566 3840 Rostrum
585 3767 733 3862 proprie
754 3769 801 3839 de
822 3767 949 3839 avibus
967 3766 1104 3838 dicitur.
1136 3765 1215 3838 Ros
1238 3771 1376 3858 3,4,28:

77 3894 251 3971 Stillabat
278 3897 387 3992 Syrio
415 3911 560 3989 myrtea
589 3920 673 3967 rore
703 3921 810 3968 coma
838 3897 893 3970 ie.
925 3910 1125 3990 unguento

186 4026 283 4120 Ignis
302 4050 376 4097 non
400 4025 591 4097 adhibetur
619 4018 685 4095 nisi
714 4028 835 4115 4‚5‚6:
879 4023 918 4096 Si
947 4022 1010 4094 tibi
1029 4021 1078 4095 de
1098 4022 1203 4094 nobis
1233 4040 1375 4095 mutuus

54 4154 172 4252 ignis
202 4151 311 4224 adest
339 4153 359 4226 i.
392 4179 425 4264 e,
456 4152 645 4246 cupiditas,
693 4151 845 4224 Lumina
881 4175 989 4240 1,2‚2:
1018 4150 1191 4244 Occupet
1218 4166 1256 4222 ut
1285 4151 1374 4223 fessi

75 4281 212 4354 lumina
240 4278 400 4381 (oculos)
429 4276 527 4352 vict'a
556 4305 683 4375 sopor.
721 4303 854 4371 1‚2‚33.
874 4288 932 4371 36.
969 4280 1102 4367 1‚8,68.
1134 4298 1269 4370 4,1‚57.

188 4406 410 4484 nobellum
438 4434 646 4506 pacemque
677 4408 876 4509 pertinent:
907 4407 1019 4484 Acies
1053 4428 1196 4502 2,3,37:
1232 4405 1375 4480 Praeda
