3074 4980
712 250 924 349 L

168 465 278 538 minet
306 481 343 538 et
371 466 483 539 tacito
515 463 606 536 clam
639 465 741 537 venit
776 462 835 536 illa
861 463 970 559 pede.
1005 469 1145 549 1,6,oo:
1178 461 1376 558 Coniungit
1405 459 1488 550 nof'

166 611 263 665 stras
278 592 371 664 olam
387 593 563 665 taciturna
580 619 716 664 manus.
736 602 831 681 2,6,4
838 613 855 683 5
869 617 876 662 :
897 593 1001 664 Lena
1017 607 1124 663 necat
1139 591 1310 663 miserum
1325 589 1472 681 Phryne

170 721 362 816 furtimque
392 718 547 792 tabellas
577 722 722 792 occulto
752 738 905 815 portans
926 719 1028 814 itque
1048 720 1219 813 reditque
1239 718 1330 790 sinu.
1360 716 1473 797 Prae-

165 863 275 923 terea
309 848 567 920 abundantiam
603 848 765 920 invenies
814 850 926 938 1„4,8:
966 847 1061 919 Tum
1105 846 1235 918 Bacchi
1277 843 1473 938 respondit

72 960 75 966 ’
165 976 305 1047 rustica
342 974 479 1071 proleS,
513 992 675 1071 armatus
709 1001 818 1046 curva
854 975 907 1047 sic
941 974 1025 1046 mihi
1060 975 1152 1046 false
1187 973 1290 1045 deus.
1328 994 1469 1062 1.4,13:

169 1103 251 1188 Hic,
279 1104 364 1199 quia
393 1103 495 1176 sortis
525 1103 634 1174 adest
667 1102 834 1187 audacia,
867 1102 973 1198 cepit.
1009 1104 1120 1191 1‚8‚4:
1149 1099 1330 1171 Praecinit
1357 1121 1469 1170 even-

162 1231 221 1302 tus
254 1255 324 1303 nec
361 1230 444 1302 mihi
483 1247 613 1302 cantus
647 1231 735 1303 avis,
783 1233 924 1321 1,8,42:
961 1229 1053 1303 Cum
1089 1243 1194 1299 vetus
1227 1226 1352 1299 iniecit
1377 1251 1473 1298 cana

160 1373 324 1431 senecta
344 1373 465 1453 caput.
501 1364 643 1447 1‚9,64:
673 1358 748 1429 Aut
776 1383 930 1453 operum
950 1357 1073 1429 varias
1094 1354 1322 1451 disposuisse
1352 1354 1469 1427 vices,

166 1489 309 1573 2‚1,80:
340 1483 446 1556 Felix
475 1486 532 1557 cui
572 1485 738 1580 placidus
774 1483 904 1556 leniter
933 1484 1031 1556 asflat
1059 1484 1187 1556 Amor.
1221 1484 1358 1574 2,5,84:
1389 1482 1471 1554 Dis-

167 1613 298 1685 tendet
326 1614 440 1708 spicis
469 1615 602 1685 horrea
631 1611 740 1708 plena
770 1613 899 1685 Ceres

273 1741 381 1812 Haec
410 1739 579 1835 exempla
607 1756 709 1812 certe
740 1741 831 1811 satis
851 1756 935 1812 sunt
961 1756 1000 1811 ut
1019 1739 1172 1812 evidens
1192 1740 1254 1811 fiat
1275 1739 1468 1834 quomodo

166 1867 331 1939 Tibullus
362 1871 617 1962 pleonasmum
646 1867 864 1940 adhibuerit.
995 1851 997 1856 ⁵

566 2194 596 2275 β.
626 2189 785 2285 Figurae
815 2191 854 2259 ἓν
881 2188 939 2259 διὰ
968 2191 1070 2261 δυοῖν

160 2394 332 2492 exempla
347 2394 512 2468 Tibullus
532 2398 591 2467 vix
610 2397 779 2491 praebet.
803 2395 923 2468 Valde
945 2396 1038 2468 enim
1055 2397 1182 2468 dubito
1202 2400 1284 2468 num
1306 2401 1461 2487 4‚1,156

160 2541 198 2597 et
226 2543 325 2616 4,3,7
369 2525 465 2596 haec
508 2524 625 2617 figura
668 2524 777 2594 statui
820 2523 947 2618 possit.
984 2524 1109 2594 Verba
1152 2523 1246 2595 haec
1287 2526 1462 2617 leguntur

159 2661 333 2744 4,1,156:
364 2653 443 2725 Sed
464 2654 594 2724 durata
614 2652 711 2746 riget
731 2650 885 2722 densam
915 2651 949 2721 in
978 2648 1210 2746 glaciemque
1241 2651 1458 2745 niuemque;

156 2781 217 2876 qui
261 2805 389 2851 versus
432 2780 553 2875 potius
596 2777 858 2850 abundantiam
904 2779 1166 2872 complectitur.
1210 2797 1334 2870 4,3‚7:
1367 2777 1461 2869 Quis

157 2907 254 2980 furor
277 2925 345 2996 est,
362 2933 459 3003 quae
489 2933 591 2979 mens
613 2906 754 2978 densos
776 2906 947 3001 indagine
968 2904 1082 2977 colles
1102 2903 1335 2978 claudentem
1355 2921 1458 2978 tene-

158 3060 219 3106 ras
247 3033 398 3107 laedere
427 3032 520 3106 velle
550 3034 709 3107 manus?
763 3054 766 3059 ’

264 3378 296 3447 3.
338 3355 579 3452 Figurae
624 3381 761 3451 quae
805 3353 1166 3426 detractione
1207 3340 1357 3426 liunt.

728 3572 883 3670 Ellipsis.

264 3779 322 3850 De
352 3778 471 3874 ellipsi
499 3804 650 3875 quoque
690 3807 737 3850 ea
773 3781 1099 3853 commemoranda
1137 3795 1220 3851 sunt
1251 3805 1347 3874 quae
1384 3778 1458 3851 iam

155 3932 268 4001 supra
296 3906 344 3977 de
374 3906 598 3978 abundantia
620 3886 783 3979 diximus.
842 3906 1007 3979 Tibullus
1034 3935 1120 3980 usus
1142 3925 1200 3979 est
1221 3904 1336 4001 ellipsi
1351 3892 1480 3978 verbi*

152 4034 332 4106 auxiliaris
365 4060 470 4106 esse
507 4053 646 4125 1,1‚75:
687 4035 755 4105 Hic
786 4060 861 4131 ego
883 4037 953 4106 dux
984 4034 1161 4130 milesque
1190 4035 1308 4105 bonus
1336 4030 1458 4132 (sum).

160 4185 254 4252 1‚4,2
262 4184 299 4252 3:
330 4161 460 4233 Gratia
488 4187 624 4256 magna
652 4163 727 4255 Jovi
760 4164 819 4258 (sit
846 4162 904 4235 vel
934 4169 1045 4258 esto).
1072 4208 1121 4216 --
1155 4185 1268 4254 2‚1,31
1305 4162 1460 4232 verbum

151 4287 340 4384 quoddam
370 4286 615 4383 supplendum
646 4306 703 4361 est
729 4290 777 4360 ad
811 4291 930 4363 »bene
960 4289 1210 4364 Messallam«.
1248 4312 1362 4382 1,4‚7:
1397 4288 1459 4360 Sic

150 4441 237 4522 ego.
294 4417 548 4514 Supplendum
579 4436 637 4493 est
670 4417 834 4493 »locutus
860 4446 983 4493 eram«
1015 4421 1072 4493 vel
1092 4419 1165 4494 tale
1186 4421 1283 4517 quid.
1311 4422 1459 4515 1,6,56:
