3074 4980
663 250 873 334 ist-..

230 448 370 539 1‚7',15:
414 447 584 540 Quantus
613 465 652 519 et
679 448 846 521 aetherio
877 447 1095 543 contingens
1129 447 1267 518 vertice
1302 447 1418 518 nubes

112 575 288 671 Frigidus
319 576 483 649 intonsos
512 575 656 647 Taurus
693 578 766 647 alat
803 575 948 648 Cilicas.
996 596 1142 667 3,3,15:
1183 573 1231 645 Et
1266 598 1418 647 nemora

113 703 149 774 in
182 704 351 776 domibus
380 728 509 776 sacros
539 703 714 775 imitantia
741 701 859 775 lucos

601 966 920 974 ————

555 1089 609 1196 ll.
681 1089 765 1194 De
804 1088 990 1227 figuris

226 1342 338 1436 Quod
377 1344 547 1417 rhetores
576 1344 711 1417 Graeci
747 1353 862 1438 σχῆμα
897 1346 1032 1433 dicunt,
1063 1370 1085 1417 a
1114 1345 1298 1416 Cicerone
1326 1369 1419 1416 voce

120 1469 289 1542 ›forma‹
322 1469 384 1544 vel
418 1471 576 1567 ›figura‹
611 1472 741 1544 Latine
769 1473 953 1546 redditum
980 1489 1051 1546 est.
1105 1471 1278 1568 Figuram
1309 1471 1421 1564 Quin·

115 1595 265 1670 tilianus
299 1598 370 1671 hoc
407 1600 522 1672 modo
559 1599 684 1672 definit
719 1597 796 1699 (IX,
826 1599 918 1702 r,4):
959 1601 1116 1697 Figura,
1154 1600 1245 1672 sicut
1273 1601 1419 1672 nomine

114 1726 200 1821 ipso
228 1744 345 1822 patet,
375 1745 436 1799 θεῖ
464 1729 693 1800 confirmatio
723 1729 908 1823 quaedam
937 1756 959 1800 a
987 1728 1167 1800 communi
1196 1745 1235 1799 et
1263 1728 1419 1823 primum

115 1879 160 1926 se
176 1853 355 1926 offerente
371 1855 524 1928 ratione.
555 1856 692 1928 Postea
713 1857 895 1950 (IX,1,14)
914 1857 1060 1928 brevius
1089 1857 1279 1950 figuram
1299 1855 1421 1950 aliqua

117 1998 200 2054 arte
238 1999 412 2054 novatam
451 1984 606 2056 formam
641 1983 786 2055 dicendi
823 2010 910 2056 esse
948 1985 1083 2057 statuit.
1140 1983 1313 2056 Attamen
1347 1983 1418 2056 iam

117 2110 214 2181 inter
244 2127 394 2183 veteres
432 2112 603 2184 rhetores
639 2136 788 2206 prorsus
826 2136 897 2184 non
935 2112 1149 2198 constabat,
1193 2135 1289 2205 quae
1326 2111 1421 2182 inter

115 2237 255 2334 figuras
283 2239 510 2323 numeranda
537 2256 674 2313 essent.
725 2239 946 2335 Quanquam
976 2238 1218 2330 Quintilianus
1247 2239 1306 2323 IX,
1336 2259 1415 2328 1,r7

116 2365 224 2436 dicit:
260 2364 358 2436 Inter
393 2365 567 2460 plurimos
606 2367 708 2462 quod
744 2368 855 2439 sciam
884 2368 1104 2438 consensum
1133 2382 1190 2438 est
1219 2367 1311 2438 duas
1341 2366 1417 2438 eius

117 2518 205 2564 esse
226 2508 366 2588 partes,
397 2496 566 2583 διανοίας,
596 2495 632 2566 id
658 2511 715 2567 est
733 2495 867 2566 mentis
887 2492 945 2566 vel
965 2519 1095 2566 sensus
1115 2491 1176 2566 vel
1196 2494 1420 2567 seutenti-

50 2717 52 2721 .
116 2638 257 2708 arum,
286 2645 368 2693 nam
396 2621 452 2694 his
481 2623 648 2694 omnibus
672 2622 789 2695 modis
809 2623 943 2695 dictum
965 2638 1036 2706 est;
1066 2638 1104 2694 et
1124 2625 1265 2710 λέξεως,
1294 2622 1331 2694 id
1359 2638 1419 2694 est

115 2748 368 2821 verborum
406 2747 466 2821 vel
496 2749 664 2821 dictionis
699 2752 757 2821 vel
794 2747 1007 2823 elocutionis
1045 2747 1107 2820 vel
1144 2750 1323 2821 sermonis
1360 2747 1417 2821 vel

116 2876 313 2960 orationis;
344 2902 427 2948 nam
457 2892 496 2949 et
522 2878 681 2949 variatur
710 2893 749 2948 et
777 2874 859 2948 nihil
888 2876 1010 2948 refert.
1053 2877 1209 2970 Figuras
1239 2874 1417 2963 colorum,

117 2992 212 3101 quas
256 3002 448 3076 Cornelius
497 3005 701 3088 adiecerat,
743 3004 929 3098 improbat
971 3020 1149 3098 putatque
1192 3020 1231 3075 ut
1274 3029 1419 3077 omnem

116 3131 337 3219 orationem,
367 3133 418 3204 ita
446 3133 583 3228 figuras
613 3156 764 3227 quoque
793 3132 932 3203 versari
964 3133 998 3204 in
1027 3157 1140 3202 sensu
1169 3146 1206 3202 et
1233 3132 1266 3203 in
1295 3132 1417 3204 verbis

115 3283 277 3332 necesse
304 3285 401 3332 esse.
453 3259 622 3356 Plerique
653 3259 823 3331 rhetores
851 3259 990 3331 eodem
1019 3258 1133 3330 modo
1163 3275 1275 3354 atque
1301 3257 1412 3352 Quin-

115 3385 261 3460 tilianus
298 3386 435 3484 figuras
469 3389 731 3460 sententiarum
774 3388 896 3483 priore
939 3389 1023 3459 loco
1065 3402 1274 3459 tractarunt.
1334 3377 1426 3458 Hae.

117 3515 215 3586 enim
243 3513 383 3611 figurae
412 3541 482 3611 pro
511 3516 742 3613 gravioribus
770 3515 1014 3603 habebantur,
1045 3531 1083 3585 ut
1104 3514 1154 3585 ait
1174 3512 1415 3606 Quintilianus

114 3641 177 3727 lX,
211 3666 313 3733 1,r9:
359 3643 408 3716 Ut
443 3669 535 3716 vero
572 3659 700 3716 natura
733 3643 831 3738 prius
868 3658 926 3714 est
958 3643 1160 3737 concipere
1196 3641 1316 3713 animo
1355 3666 1415 3714 res

116 3752 230 3865 quam
257 3772 465 3877 enuntiare:
495 3772 546 3844 ita
575 3771 623 3844 de
648 3771 690 3843 iis
714 3770 838 3867 figuris
864 3787 949 3842 ante
980 3788 1039 3843 est
1066 3768 1291 3866 loquendum
1322 3795 1417 3864 quae

115 3898 168 3970 ad
209 3913 371 3970 mentem
412 3900 610 3995 pertinent.
641 3960 643 3964 a
669 3899 810 3970 Contra
847 3895 1098 3970 Volkmannus
1142 3924 1176 3993 p.
1207 3903 1282 3989 396
1311 3915 1416 3971 recte

115 4025 245 4110 affert,
289 4026 487 4120 scriptores
530 4027 655 4121 figuris
692 4026 888 4097 verborum
915 4025 1026 4122 ¹prius
1063 4051 1149 4097 usos
1187 4052 1272 4098 esse
1310 4051 1419 4120 quam

115 4152 379 4226 sententiarum
408 4154 544 4249 figuris.
601 4152 682 4225 Illas
711 4153 864 4249 primum
894 4152 1075 4248 Gorgiam
1104 4153 1322 4231 Leontinum
1351 4152 1414 4225 ad-

116 4281 279 4353 hibuisse
310 4305 439 4353 omnes
468 4281 597 4356 sciunt.
655 4280 740 4372 Quo
774 4297 943 4375 tempore
982 4281 1124 4376 figurae
1152 4280 1414 4352 sententiarum

115 4409 278 4483 nondum
319 4426 423 4481 erant
467 4410 641 4506 cognitae
683 4435 804 4506 neque
848 4409 895 4481 ab
941 4408 1148 4483 oratoribus
1192 4407 1412 4494 veterrimis
