3074 4980
747 210 768 271 9

664 282 873 293 s———-———

116 411 151 482 T
153 437 223 484 unc
239 412 339 485 bibit
365 413 525 506 inriguas
553 407 678 482 fertilis
705 409 833 482 hortus
862 434 989 504 aquas.
1047 410 1186 483 Hortus
1215 412 1290 484 hoc
1326 411 1411 484 loco

118 541 309 616 animatur.
337 586 388 597 --
417 538 567 612 Cadere
599 556 737 627 2,2,17:
766 536 868 610 Vota
894 537 1028 610 cadunt
1056 538 1077 612 i.
1100 565 1131 613 e.
1164 541 1296 613 dantur
1318 567 1414 636 quac

117 684 303 764 optantur.
359 670 465 763 Prop.
500 688 620 759 1,17,4
645 665 781 738 eadem
809 666 927 739 verba
953 666 1173 740 contrarium
1196 667 1411 764 significant.

118 798 230 889 3‚3‚8.
253 819 419 890 4‚1,190.
442 792 629 867 Decidere
655 817 805 886 3‚1,20:
850 792 909 866 An
928 809 1006 865 toto
1028 810 1178 889 pectere
1201 782 1412 891 deciderim.

116 925 260 998 Homer
289 929 327 997 ἐκ
354 930 473 1018 θυμοῦ
505 925 657 994 πεσέειν.
714 921 806 994 Labi
846 927 979 1014 1‚6,53:
1017 921 1207 1018 Attigeris,
1245 923 1414 997 labentur

115 1080 211 1149 opes
240 1055 260 1126 i.
290 1079 323 1126 e.
353 1065 619 1125 consumuntur.
647 1051 765 1140 1‚8‚48
783 1051 830 1122 de
846 1050 1026 1146 tempor'e.
1043 1095 1095 1104 —
1112 1048 1245 1123 Calere
1266 1075 1299 1143 4,
1305 1073 1411 1144 5,10:
1515 1144 1519 1153 Ι

114 1183 208 1254 Cum
239 1183 287 1255 de
317 1207 375 1253 me
392 1183 542 1278 cogitat,
563 1176 621 1253 ille
649 1176 745 1251 calet
773 1204 822 1250 sc.
843 1203 980 1251 amore.
1007 1201 1169 1272 1‚1o‚53.
1189 1224 1241 1233 —
1266 1180 1413 1254 Canere

120 1337 154 1399 2,
160 1315 266 1403 5‚16:
295 1308 435 1381 Abdita
464 1334 560 1404 quae
582 1307 680 1380 senis
700 1305 775 1378 fata
795 1307 895 1379 canit
913 1306 1082 1402 pedibus.
1140 1307 1286 1380 Canere
1312 1309 1412 1382 idem

114 1457 176 1512 est
203 1463 246 1510 ac
273 1437 471 1539 vaticinari.
514 1439 647 1528 2‚5‚r8.
683 1435 902 1507 Praecinere
942 1457 1083 1528 1,5,12:
1123 1435 1296 1509 Carmine
1332 1462 1412 1509 cum

113 1567 264 1664 magico
290 1538 559 1661 praecinuisset
577 1590 679 1636 anus.
708 1587 738 1647 2,
744 1582 840 1656 5,74.
856 1607 905 1617 —-
923 1563 1037 1642 Verbi
1064 1561 1278 1635 celebrandi
1298 1581 1411 1637 trans-

114 1694 203 1767 latio
248 1695 379 1766 usitata
422 1709 489 1765 est.
537 1714 671 1785 1,3,33.
720 1696 856 1784 1‚6‚17.
896 1715 1030 1781 2‚1,29.
1072 1674 1412 1786 2,5‚115.'3‚4‚57.
1506 1778 1509 1787 ¹

117 1846 251 1917 3,5,29.
278 1823 549 1894 Concelebrare
586 1842 719 1913 1‚5‚7o.
749 1821 984 1893 -Cernere
1013 1843 1184 1912 4,1,1o3:
1216 1821 1412 1917 Duplicem
1508 1900 1518 1919 .

113 1951 302 2025 seiunctim
343 1976 493 2023 cernere
536 1950 695 2022 Martem
723 1948 777 2020 ie.
816 1964 969 2020 certare.
989 1949 1212 2021 -Certare
1241 1972 1410 2040 4‚1‚120:

114 2078 207 2172 Quis
234 2078 502 2174 Amythaonius
531 2091 693 2172 nequeat
719 2093 865 2149 certare
894 2076 1102 2172 Melampus
1141 2078 1196 2150 ie.
1223 2075 1408 2154 aemulari.

115 2207 340 2279 -Cessare
372 2212 489 2296 2,1‚6:
535 2206 671 2277 Cesset
697 2230 791 2300 opus
820 2205 879 2279 ie.
909 2229 980 2277 non
1008 2222 1171 2302 urgetur.
1186 2249 1236 2259 -
1255 2206 1411 2279 Circum-

116 2352 239 2408 terere
274 2357 416 2428 1,2,95:
445 2335 585 2407 Iuvenis
614 2335 720 2406 turba
749 2333 968 2405 circumterit
986 2349 1065 2405 arta
1093 2333 1153 2406 i.e.
1188 2333 1408 2409 circumstat.

115 2463 299 2536 Deterere
337 2469 481 2555 1‚9,16:
511 2462 670 2534 Deteret
689 2460 868 2534 invalidos
899 2478 935 2534 et
963 2462 1020 2534 via
1048 2463 1163 2558 longa
1182 2461 1303 2557 pedes
1331 2463 1353 2536 i.
1375 2489 1409 2537 e.

112 2593 248 2687 pedum
264 2591 364 2664 vires
381 2589 557 2663 debilitat.
574 2589 824 2662 -Conicere
851 2593 987 2681 1,8,54:
1017 2590 1132 2662 Miser
1162 2591 1305 2689 absenti
1324 2651 1330 2664 .
1350 2650 1357 2664 .
1374 2649 1381 2663 .
1400 2652 1406 2666 .

30 2816 34 2823 Ι
114 2718 287 2815 querelas
323 2719 452 2791 conicit
491 2719 510 2790 i.
536 2745 568 2790 e.
604 2745 688 2791 eum
726 2716 885 2813 querelis
922 2718 1074 2790 obtudit.
1112 2763 1164 2771 —-
1194 2719 1407 2792 Conserere

30 2826 36 2837 ⁵
122 2870 266 2941 1‚1‚74:
309 2848 421 2920 Rixas
457 2846 689 2919 conseruisse
719 2846 828 2919 iuvat.
885 2847 1074 2919 Deserere
1111 2855 1246 2938 1‚5,6o:
1283 2847 1409 2943 Sagae

113 2992 318 3071 praecepta
338 2975 481 3071 rapacis
502 2973 636 3047 desere
665 2975 720 3049 ie.
752 2973 823 3047 noli
842 2975 885 3047 iis
905 2975 1070 3070 obsequi.
1092 3020 1142 3029 -
1170 2975 1408 3050 Contundere

116 3109 259 3197 3,6‚14:
281 3101 342 3175 llle
364 3104 527 3175 ferocem
544 3100 731 3203 (animum)
764 3103 929 3175 contudit
943 3103 990 3176 i.e
1010 3104 1160 3200 subegit
1179 3102 1236 3177 vel
1257 3104 1405 3179 domuit.

115 3277 164 3289 -κ
181 3232 383 3327 Depellere
417 3250 553 3324 1‚5,37:
585 3230 702 3302 Curas
732 3228 922 3324 depellere
951 3231 1037 3303 vino
1067 3232 1125 3306 ie.
1156 3258 1408 3306 amovere.—

113 3362 301 3457 Depluere
334 3383 473 3454 2‚5,72:
500 3360 636 3430 Multus
669 3372 708 3429 ut
731 3357 767 3429 in
796 3373 914 3430 terras
936 3359 1207 3456 deplueretque
1237 3358 1329 3457 lapis
1350 3362 1406 3436 ie.

114 3489 316 3561 decideret.
338 3533 387 3541 -
410 3488 628 3561 Discurrere
659 3508 777 3576 3‚1‚3:
814 3486 971 3558 Munera
998 3487 1215 3562 discurrunt.
1254 3489 1409 3562 Munera

112 3615 187 3688 hoc
225 3619 313 3710 loco
358 3617 569 3688 animantur.
611 3659 661 3666 -
704 3614 868 3686 Domare
912 3639 940 3698 1,
959 3624 1053 3706 5‚6:
1091 3616 1250 3688 Horrida
1292 3618 1406 3688 verba

115 3744 226 3816 doma
254 3745 312 3817 i.e.
351 3742 457 3819 molli.
496 3789 544 3797 -
580 3743 730 3814 Ducere
773 3767 949 3837 soporem
985 3746 1113 3832 1,2,80
1145 3743 1243 3818 idem
1282 3761 1340 3817 est
1366 3770 1408 3817 ac

115 3872 285 3947 dormire.
317 3916 368 3924 -
397 3872 531 3944 Errare
566 3880 744 3961 4,1‚106:
781 3870 851 3942 Per
883 3871 1014 3943 dubias
1050 3888 1172 3944 errant
1208 3898 1292 3943 mea
1330 3896 1406 3944 car-

115 3999 211 4072 mina
226 3999 366 4071 laudes.
396 3999 569 4071 Carmina
584 4000 814 4071 conseruntur
836 4000 971 4071 erranti
990 3999 1138 4093 hospiti.
1158 3999 1408 4071 -Excutere

118 4132 257 4212 2,6,12·:
284 4127 476 4199 Excutiunt
504 4125 653 4200 clausae
684 4126 792 4198 fortia
820 4127 935 4199 verba
961 4128 1061 4199 fores
1095 4128 1150 4200 ie.
1182 4126 1338 4200 efficiunt
1358 4142 1407 4215 ut,

116 4255 173 4327 cui
201 4228 321 4328 aditus
351 4271 509 4349 negatus
539 4256 594 4345 sit,
644 4256 819 4351 increpet.
850 4232 1091 4350 —Explere
1125 4277 1263 4347 1,3,53:
1297 4254 1409 4347 Quod

115 4383 145 4459 si
165 4383 296 4459 fatales
316 4383 389 4459 iam·
408 4408 500 4458 nune
523 4382 747 4480 explevimus
775 4408 903 4459 annos.
940 4389 1075 4475 1,4‚69.
1105 4383 1260 4482 lmplere
1290 4407 1407 4478 3,3‚12
