3074 4980
636 281 845 361 -ss

88 477 127 548 Si
157 492 277 548 tamen
307 479 489 560 admittas
519 479 565 549 sit
594 501 729 572 precor
756 475 816 549 illa
844 474 945 549 levis.
1004 477 1088 549 Hoc
1117 475 1199 550 loco
1231 455 1388 550 eversu

88 605 323 676 antecedenti
356 630 553 701 ¹›poenas‹
595 603 839 701 supplendum
876 621 944 676 est.
993 626 1138 696 1,5‚42:
1179 607 1226 676 Et
1264 619 1387 677 narrat

26 807 29 811 ,
87 733 180 804 scire
207 733 368 805 nefanda
399 738 462 827 (sc.
492 733 675 805 dominam
704 732 752 803 de
780 756 854 827 qua
882 731 1043 804 inversu
1071 756 1123 823 40
1138 732 1276 804 dictum
1294 737 1380 828 est).

93 881 234 951 1,4,51:
260 859 300 941 Si
319 859 422 933 volet
441 887 543 932 arma
571 858 653 943 levi,
681 858 880 954 temptabis
908 861 1035 932 ludere
1066 859 1200 933 dextra
1229 856 1385 961 (manu).

191 1411 312 1501 Quum
342 1410 536 1506 figurarum
552 1413 870 1504 grammaticarum
899 1436 995 1506 quae
1014 1411 1143 1483 ordine
1159 1410 1247 1483 fiunt
1262 1437 1383 1484 exem·

83 1535 143 1632 pla
178 1538 278 1632 apud
314 1537 495 1610 Tibullum
531 1564 603 1611 non
641 1538 900 1626 invenerimus
938 1538 1200 1611 transeundum
1241 1557 1301 1611 est
1334 1538 1383 1611 ad

10 1650 13 1655 ⁸
82 1664 217 1760 figuras
246 1667 518 1738 sententiarum.
576 1667 679 1758 Quas
713 1666 904 1762 quominus
931 1666 1138 1738 accuratius
1167 1682 1381 1752 tractarem,

82 1793 261 1887 temporis
290 1795 466 1887 angustiis
494 1794 689 1888 impeditus
717 1820 805 1866 sum.

188 1920 361 2016 Denique
390 1920 552 1994 tabulam
589 1923 688 1994 addo
717 1947 763 1992 ex
797 1947 870 2017 qua
904 1918 1051 1993 eluceat
1089 1923 1281 2016 quomodo
1319 1948 1379 1994 ex·
1434 1928 1439 1937 “

82 2047 204 2142 empla
237 2066 425 2145 troporum
464 2068 502 2122 et
539 2037 735 2146 figurarum
772 2049 808 2120 in
836 2049 997 2121 carmina
1033 2047 1164 2120 Tibulli
1194 2049 1381 2145 Lygdami

80 2170 337 2272 Sulpiciaeque
367 2195 406 2248 et
434 2178 701 2273 panegyricum
731 2173 931 2248 Messallae
961 2175 1080 2247 divisa
1109 2176 1191 2248 sint,

1013 2403 1355 2410 -——.—---—-—.

495 2457 532 2528 ln
740 2455 779 2526 ln
988 2454 1024 2526 ln
1238 2454 1275 2526 ln

147 2579 296 2674 Tropus
400 2580 618 2652 carminibus
641 2559 867 2653 carminibus
897 2578 1128 2676 panegyrico
1151 2540 1368 2652 carminibus
1467 2630 1469 2635 ,

443 2705 574 2776 Tibulli
667 2703 851 2799 Lygdami
909 2700 1108 2774 Messallae.
1165 2701 1351 2798 Sulpiciae

76 2899 289 2971 Translatio
381 2871 384 2984 Ι

80 3038 91 3070 ›
123 3031 133 3076 1
156 3007 354 3077 verborum
381 2988 384 3128 i
413 3027 416 3031 ·
497 3032 543 3097 92

80 3181 92 3213 ›
120 3172 137 3218 2
158 3149 373 3221 substantiv.
496 3169 543 3240 37

80 3323 91 3355 2
118 3315 137 3382 3
161 3290 373 3364 adiectivor.
475 3314 537 3363 121

73 3574 324 3669 Synecdoche
495 3580 543 3644 66

73 3717 303 3811 Metonymia
494 3718 539 3808 85

73 3859 344 3931 Antonomasia
522 3879 540 3950 7

1265 3030 1283 3076 2

1265 3174 1282 3218 2

1262 3296 1284 3361 6

74 3431 352 3504 Personificatio
497 3455 545 3525 70
1144 3458 1145 3462 ’
1233 3476 1283 3486 —-

1178 3557 1180 3561 ¹
1263 3598 1281 3645 2

1259 3740 1282 3807 4

1265 3881 1275 3930 1

73 4000 308 4095 Antiphrasis
520 4024 540 4093 3

72 4143 299 4238 Periphrasis
519 4147 541 4213 6
1229 4186 1279 4196 --

73 4283 291 4380 Hyperbole
521 4309 539 4354 2
732 4329 781 4339 —
979 4327 1031 4340 —
1228 4328 1276 4339 —
