<?xml version="1.0" encoding="UTF-8"?>
<!DOCTYPE html PUBLIC "-//W3C//DTD XHTML 1.0 Transitional//EN"
    "http://www.w3.org/TR/xhtml1/DTD/xhtml1-transitional.dtd">
<html xmlns="http://www.w3.org/1999/xhtml" xml:lang="en" lang="en">
 <head>
  <title>
</title>
<meta http-equiv="Content-Type" content="text/html;charset=utf-8" />
  <meta name='ocr-system' content='tesseract 3.04.00' />
  <meta name='ocr-capabilities' content='ocr_page ocr_carea ocr_par ocr_line ocrx_word'/>
</head>
<body>
  <div class='ocr_page' id='page_1' title='image "./detropisetfigur01hansgoog_0028.png"; bbox 0 0 3074 4980; ppageno 0'>
   <div class='ocr_carea' id='block_1_1' title="bbox 756 249 795 311">
    <p class='ocr_par' dir='ltr' id='par_1_1' title="bbox 756 249 795 311">
     <span class='ocr_line' id='line_1_1' title="bbox 756 249 795 311; baseline 0 0"><span class='ocrx_word' id='word_1_1' title='bbox 756 249 795 311; x_wconf 80' lang='lat'><strong>23</strong></span> 
     </span>
    </p>
   </div>
   <div class='ocr_carea' id='block_1_2' title="bbox 119 438 1427 800">
    <p class='ocr_par' dir='ltr' id='par_1_2' title="bbox 119 438 1427 800">
     <span class='ocr_line' id='line_1_2' title="bbox 120 438 1427 545; baseline 0.008 -34"><span class='ocrx_word' id='word_1_2' title='bbox 120 457 209 513; x_wconf 88' lang='lat' dir='ltr'><strong>tuor</strong></span> <span class='ocrx_word' id='word_1_3' title='bbox 227 445 398 539; x_wconf 87' lang='lat' dir='ltr'><strong>graviora</strong></span> <span class='ocrx_word' id='word_1_4' title='bbox 418 446 547 517; x_wconf 81' lang='lat' dir='ltr'><strong>allero.</strong></span> <span class='ocrx_word' id='word_1_5' title='bbox 594 448 749 518; x_wconf 89' lang='lat' dir='ltr'><strong>Primum</strong></span> <span class='ocrx_word' id='word_1_6' title='bbox 780 474 892 520; x_wconf 88' lang='lat' dir='ltr'><strong>causa</strong></span> <span class='ocrx_word' id='word_1_7' title='bbox 922 438 1085 522; x_wconf 76' lang='lat' dir='ltr'><strong>efficiens</strong></span> <span class='ocrx_word' id='word_1_8' title='bbox 1111 452 1259 545; x_wconf 88' lang='lat' dir='ltr'><strong>ponitur</strong></span> <span class='ocrx_word' id='word_1_9' title='bbox 1288 476 1356 544; x_wconf 93' lang='lat' dir='ltr'><strong>pro</strong></span> <span class='ocrx_word' id='word_1_10' title='bbox 1387 476 1427 522; x_wconf 89' lang='lat' dir='ltr'><strong>re</strong></span> 
     </span>
     <span class='ocr_line' id='line_1_3' title="bbox 120 569 1427 670; baseline 0.007 -30"><span class='ocrx_word' id='word_1_11' title='bbox 120 569 274 658; x_wconf 76' lang='lat' dir='ltr'><strong>effecta,</strong></span> <span class='ocrx_word' id='word_1_12' title='bbox 297 572 430 644; x_wconf 91' lang='lat' dir='ltr'><strong>deinde</strong></span> <span class='ocrx_word' id='word_1_13' title='bbox 453 590 584 645; x_wconf 87' lang='lat' dir='ltr'><strong>contra</strong></span> <span class='ocrx_word' id='word_1_14' title='bbox 603 600 663 645; x_wconf 88' lang='lat' dir='ltr'><strong>res</strong></span> <span class='ocrx_word' id='word_1_15' title='bbox 683 575 818 647; x_wconf 82' lang='lat' dir='ltr'><strong>effecta</strong></span> <span class='ocrx_word' id='word_1_16' title='bbox 838 601 907 670; x_wconf 90' lang='lat' dir='ltr'><strong>pro</strong></span> <span class='ocrx_word' id='word_1_17' title='bbox 930 602 1042 648; x_wconf 89' lang='lat' dir='ltr'><strong>causa</strong></span> <span class='ocrx_word' id='word_1_18' title='bbox 1064 577 1243 664; x_wconf 81' lang='lat' dir='ltr'><strong>efficienti,</strong></span> <span class='ocrx_word' id='word_1_19' title='bbox 1266 594 1341 649; x_wconf 93' lang='lat' dir='ltr'><strong>tum</strong></span> <span class='ocrx_word' id='word_1_20' title='bbox 1366 579 1427 649; x_wconf 94' lang='lat' dir='ltr'><strong>ab·</strong></span> 
     </span>
     <span class='ocr_line' id='line_1_4' title="bbox 119 701 1425 800; baseline 0.008 -33"><span class='ocrx_word' id='word_1_21' title='bbox 119 711 301 770; x_wconf 90' lang='lat' dir='ltr'><strong>stractum</strong></span> <span class='ocrx_word' id='word_1_22' title='bbox 324 725 393 795; x_wconf 93' lang='lat' dir='ltr'><strong>pro</strong></span> <span class='ocrx_word' id='word_1_23' title='bbox 417 718 606 786; x_wconf 67' lang='lat' dir='ltr'><strong>concreto</strong></span> <span class='ocrx_word' id='word_1_24' title='bbox 632 703 793 797; x_wconf 89' lang='lat' dir='ltr'><strong>denique</strong></span> <span class='ocrx_word' id='word_1_25' title='bbox 816 701 919 775; x_wconf 90' lang='lat' dir='ltr'><strong>locus</strong></span> <span class='ocrx_word' id='word_1_26' title='bbox 941 729 1009 798; x_wconf 88' lang='lat' dir='ltr'><strong>pro</strong></span> <span class='ocrx_word' id='word_1_27' title='bbox 1034 730 1082 776; x_wconf 90' lang='lat' dir='ltr'><strong>eo</strong></span> <span class='ocrx_word' id='word_1_28' title='bbox 1106 707 1206 800; x_wconf 88' lang='lat' dir='ltr'><strong>quod</strong></span> <span class='ocrx_word' id='word_1_29' title='bbox 1227 706 1261 776; x_wconf 91' lang='lat' dir='ltr'><strong>in</strong></span> <span class='ocrx_word' id='word_1_30' title='bbox 1284 731 1332 777; x_wconf 93' lang='lat' dir='ltr'><strong>eo</strong></span> <span class='ocrx_word' id='word_1_31' title='bbox 1356 722 1425 778; x_wconf 88' lang='lat' dir='ltr'><strong>est.</strong></span> 
     </span>
    </p>
   </div>
   <div class='ocr_carea' id='block_1_3' title="bbox 299 1000 1252 1096">
    <p class='ocr_par' dir='ltr' id='par_1_3' title="bbox 299 1000 1252 1096">
     <span class='ocr_line' id='line_1_5' title="bbox 299 1000 1252 1096; baseline 0.006 -26"><span class='ocrx_word' id='word_1_32' title='bbox 299 1001 340 1070; x_wconf 85' lang='grc' dir='ltr'><strong>Α.</strong></span> <span class='ocrx_word' id='word_1_33' title='bbox 383 1000 509 1073; x_wconf 82' lang='lat' dir='ltr'>Causa</span> <span class='ocrx_word' id='word_1_34' title='bbox 537 1002 715 1073; x_wconf 81' lang='lat' dir='ltr'><strong>efficiens</strong></span> <span class='ocrx_word' id='word_1_35' title='bbox 743 1025 815 1093; x_wconf 90' lang='lat' dir='ltr'><strong>pro</strong></span> <span class='ocrx_word' id='word_1_36' title='bbox 843 1026 888 1073; x_wconf 86' lang='lat' dir='ltr'><strong>re</strong></span> <span class='ocrx_word' id='word_1_37' title='bbox 913 1005 1053 1075; x_wconf 84' lang='lat' dir='ltr'><strong>effecta</strong></span> <span class='ocrx_word' id='word_1_38' title='bbox 1083 1005 1252 1096; x_wconf 87' lang='lat' dir='ltr'><strong>ponitur.</strong></span> 
     </span>
    </p>
   </div>
   <div class='ocr_carea' id='block_1_4' title="bbox 230 1211 1425 1308">
    <p class='ocr_par' dir='ltr' id='par_1_4' title="bbox 230 1211 1425 1308">
     <span class='ocr_line' id='line_1_6' title="bbox 230 1211 1425 1308; baseline 0.007 -26"><span class='ocrx_word' id='word_1_39' title='bbox 230 1211 471 1302; x_wconf 80' lang='lat' dir='ltr'><strong>Quintilianus</strong></span> <span class='ocrx_word' id='word_1_40' title='bbox 508 1213 625 1308; x_wconf 82' lang='lat' dir='ltr'><strong>po&#39;etis</strong></span> <span class='ocrx_word' id='word_1_41' title='bbox 664 1214 843 1285; x_wconf 91' lang='lat' dir='ltr'><strong>maiorem</strong></span> <span class='ocrx_word' id='word_1_42' title='bbox 872 1214 1057 1287; x_wconf 88' lang='lat' dir='ltr'><strong>licentiam</strong></span> <span class='ocrx_word' id='word_1_43' title='bbox 1087 1216 1190 1288; x_wconf 88' lang='lat' dir='ltr'><strong>huius</strong></span> <span class='ocrx_word' id='word_1_44' title='bbox 1224 1244 1310 1289; x_wconf 90' lang='lat' dir='ltr'><strong>usus</strong></span> <span class='ocrx_word' id='word_1_45' title='bbox 1339 1243 1425 1290; x_wconf 92' lang='lat' dir='ltr'><strong>con-</strong></span> 
     </span>
    </p>
   </div>
   <div class='ocr_carea' id='block_1_5' title="bbox 113 1339 1470 3847">
    <p class='ocr_par' dir='ltr' id='par_1_5' title="bbox 113 1339 1470 3847">
     <span class='ocr_line' id='line_1_7' title="bbox 118 1339 1424 1436; baseline 0.003 -25"><span class='ocrx_word' id='word_1_46' title='bbox 118 1339 223 1411; x_wconf 91' lang='lat' dir='ltr'><strong>cedit</strong></span> <span class='ocrx_word' id='word_1_47' title='bbox 251 1366 359 1435; x_wconf 91' lang='lat' dir='ltr'><strong>quam</strong></span> <span class='ocrx_word' id='word_1_48' title='bbox 379 1343 601 1428; x_wconf 77' lang='lat' dir='ltr'><strong>oratoribus,</strong></span> <span class='ocrx_word' id='word_1_49' title='bbox 633 1341 776 1412; x_wconf 89' lang='lat' dir='ltr'><strong>etiamsi</strong></span> <span class='ocrx_word' id='word_1_50' title='bbox 795 1341 829 1413; x_wconf 92' lang='lat' dir='ltr'><strong>in</strong></span> <span class='ocrx_word' id='word_1_51' title='bbox 850 1343 1020 1413; x_wconf 89' lang='lat' dir='ltr'><strong>oratione</strong></span> <span class='ocrx_word' id='word_1_52' title='bbox 1041 1343 1206 1436; x_wconf 87' lang='lat' dir='ltr'><strong>pedestri</strong></span> <span class='ocrx_word' id='word_1_53' title='bbox 1228 1340 1424 1416; x_wconf 85' lang='lat' dir='ltr'><strong>nonnullae</strong></span> 
     </span>
     <span class='ocr_line' id='line_1_8' title="bbox 119 1469 1423 1566; baseline 0.002 -27"><span class='ocrx_word' id='word_1_54' title='bbox 119 1469 372 1562; x_wconf 88' lang='lat' dir='ltr'><strong>metonymiae</strong></span> <span class='ocrx_word' id='word_1_55' title='bbox 401 1469 660 1541; x_wconf 87' lang='lat' dir='ltr'><strong>usitatissimae</strong></span> <span class='ocrx_word' id='word_1_56' title='bbox 691 1485 774 1539; x_wconf 84' lang='lat' dir='ltr'><strong>sunt</strong></span> <span class='ocrx_word' id='word_1_57' title='bbox 802 1485 840 1540; x_wconf 92' lang='lat' dir='ltr'><strong>ut</strong></span> <span class='ocrx_word' id='word_1_58' title='bbox 860 1469 1045 1541; x_wconf 83' lang='lat' dir='ltr'><strong>Vulcanus</strong></span> <span class='ocrx_word' id='word_1_59' title='bbox 1069 1494 1140 1564; x_wconf 83' lang='lat' dir='ltr'><strong>pro</strong></span> <span class='ocrx_word' id='word_1_60' title='bbox 1169 1471 1267 1566; x_wconf 84' lang='lat' dir='ltr'><strong>igne,</strong></span> <span class='ocrx_word' id='word_1_61' title='bbox 1296 1471 1423 1543; x_wconf 91' lang='lat' dir='ltr'><strong>Venus</strong></span> 
     </span>
     <span class='ocr_line' id='line_1_9' title="bbox 118 1593 1423 1691; baseline 0.002 -24"><span class='ocrx_word' id='word_1_62' title='bbox 118 1620 189 1690; x_wconf 87' lang='lat' dir='ltr'><strong>pro</strong></span> <span class='ocrx_word' id='word_1_63' title='bbox 216 1596 325 1670; x_wconf 92' lang='lat' dir='ltr'><strong>coitu.</strong></span> <span class='ocrx_word' id='word_1_64' title='bbox 378 1597 415 1669; x_wconf 92' lang='lat' dir='ltr'><strong>In</strong></span> <span class='ocrx_word' id='word_1_65' title='bbox 444 1597 664 1670; x_wconf 84' lang='lat' dir='ltr'><strong>carminibus</strong></span> <span class='ocrx_word' id='word_1_66' title='bbox 684 1593 815 1667; x_wconf 89' lang='lat' dir='ltr'><strong>Tibulli</strong></span> <span class='ocrx_word' id='word_1_67' title='bbox 845 1599 955 1668; x_wconf 90' lang='lat' dir='ltr'><strong>multa</strong></span> <span class='ocrx_word' id='word_1_68' title='bbox 985 1594 1156 1691; x_wconf 88' lang='lat' dir='ltr'><strong>exempla</strong></span> <span class='ocrx_word' id='word_1_69' title='bbox 1184 1597 1336 1669; x_wconf 90' lang='lat' dir='ltr'><strong>inveniri</strong></span> <span class='ocrx_word' id='word_1_70' title='bbox 1362 1598 1423 1669; x_wconf 90' lang='lat' dir='ltr'><strong>ubi</strong></span> 
     </span>
     <span class='ocr_line' id='line_1_10' title="bbox 119 1722 1419 1820; baseline 0.005 -29"><span class='ocrx_word' id='word_1_71' title='bbox 119 1722 311 1796; x_wconf 86' lang='lat' dir='ltr'><strong>Venerem</strong></span> <span class='ocrx_word' id='word_1_72' title='bbox 330 1749 398 1820; x_wconf 90' lang='lat' dir='ltr'><strong>pro</strong></span> <span class='ocrx_word' id='word_1_73' title='bbox 419 1749 547 1797; x_wconf 90' lang='lat' dir='ltr'><strong>amore</strong></span> <span class='ocrx_word' id='word_1_74' title='bbox 567 1724 741 1806; x_wconf 76' lang='lat' dir='ltr'><strong>adhibuit,</strong></span> <span class='ocrx_word' id='word_1_75' title='bbox 771 1741 923 1795; x_wconf 89' lang='lat' dir='ltr'><strong>naturae</strong></span> <span class='ocrx_word' id='word_1_76' title='bbox 944 1725 1122 1796; x_wconf 86' lang='lat' dir='ltr'><strong>convenit.</strong></span> <span class='ocrx_word' id='word_1_77' title='bbox 1146 1747 1237 1818; x_wconf 81' lang='lat'>1‚1‚7</span> <span class='ocrx_word' id='word_1_78' title='bbox 1245 1749 1283 1817; x_wconf 86' lang='lat'><strong>3:</strong></span> <span class='ocrx_word' id='word_1_79' title='bbox 1315 1725 1419 1797; x_wconf 89' lang='lat' dir='ltr'><strong>Nune</strong></span> 
     </span>
     <span class='ocr_line' id='line_1_11' title="bbox 116 1848 1421 1952; baseline 0.002 -30"><span class='ocrx_word' id='word_1_80' title='bbox 116 1848 212 1923; x_wconf 88' lang='lat' dir='ltr'><strong>levis</strong></span> <span class='ocrx_word' id='word_1_81' title='bbox 242 1868 301 1952; x_wconf 83' lang='lat' dir='ltr'><strong>est</strong></span> <span class='ocrx_word' id='word_1_82' title='bbox 330 1853 521 1925; x_wconf 91' lang='lat' dir='ltr'><strong>tractanda</strong></span> <span class='ocrx_word' id='word_1_83' title='bbox 543 1852 678 1924; x_wconf 78' lang='lat' dir='ltr'><strong>Venus,</strong></span> <span class='ocrx_word' id='word_1_84' title='bbox 715 1874 851 1942; x_wconf 82' lang='lat'>1‚2‚34.</span> <span class='ocrx_word' id='word_1_85' title='bbox 880 1875 1016 1942; x_wconf 73' lang='lat'><strong>1,4,‘&lt;9.</strong></span> <span class='ocrx_word' id='word_1_86' title='bbox 1043 1870 1102 1942; x_wconf 86' lang='lat'><strong>79.</strong></span> <span class='ocrx_word' id='word_1_87' title='bbox 1130 1858 1421 1943; x_wconf 78' lang='lat' dir='ltr'><strong>1,5,4o.1,6‚14.</strong></span> 
     </span>
     <span class='ocr_line' id='line_1_12' title="bbox 124 1981 1422 2073; baseline 0.003 -25"><span class='ocrx_word' id='word_1_88' title='bbox 124 1981 263 2066; x_wconf 77' lang='lat'>1,8,28.</span> <span class='ocrx_word' id='word_1_89' title='bbox 295 1999 353 2071; x_wconf 90' lang='lat'><strong>57.</strong></span> <span class='ocrx_word' id='word_1_90' title='bbox 390 2003 521 2069; x_wconf 85' lang='lat'>1,9‚20.</span> <span class='ocrx_word' id='word_1_91' title='bbox 555 1985 612 2073; x_wconf 87' lang='lat'><strong>76.</strong></span> <span class='ocrx_word' id='word_1_92' title='bbox 647 2001 809 2070; x_wconf 84' lang='lat' dir='ltr'><strong>1‚1o‚53.</strong></span> <span class='ocrx_word' id='word_1_93' title='bbox 840 1988 901 2052; x_wconf 80' lang='grc' dir='ltr'><strong>ὁὸ,</strong></span> <span class='ocrx_word' id='word_1_94' title='bbox 934 2003 1068 2066; x_wconf 83' lang='lat'><em>2‚1‚12.</em></span> <span class='ocrx_word' id='word_1_95' title='bbox 1101 2003 1235 2070; x_wconf 83' lang='lat'>2,3‚29.</span> <span class='ocrx_word' id='word_1_96' title='bbox 1270 2003 1330 2071; x_wconf 85' lang='lat'><strong>35.</strong></span> <span class='ocrx_word' id='word_1_97' title='bbox 1362 2002 1422 2071; x_wconf 88' lang='lat'><strong>50.</strong></span> 
     </span>
     <span class='ocr_line' id='line_1_13' title="bbox 122 2107 1419 2201; baseline 0.004 -25"><span class='ocrx_word' id='word_1_98' title='bbox 122 2123 180 2195; x_wconf 87' lang='lat'><strong>72.</strong></span> <span class='ocrx_word' id='word_1_99' title='bbox 214 2111 320 2197; x_wconf 85' lang='lat'><strong>2,6‚9.</strong></span> <span class='ocrx_word' id='word_1_100' title='bbox 349 2109 490 2199; x_wconf 82' lang='lat'>4,3‚18.</span> <span class='ocrx_word' id='word_1_101' title='bbox 526 2131 580 2196; x_wconf 87' lang='lat'><strong>19.</strong></span> <span class='ocrx_word' id='word_1_102' title='bbox 612 2130 750 2198; x_wconf 78' lang='lat'>4,13,2.</span> <span class='ocrx_word' id='word_1_103' title='bbox 781 2130 835 2196; x_wconf 86' lang='lat'><strong>14.</strong></span> <span class='ocrx_word' id='word_1_104' title='bbox 891 2107 1059 2178; x_wconf 73' lang='lat' dir='ltr'><strong>bacchus</strong></span> <span class='ocrx_word' id='word_1_105' title='bbox 1088 2131 1156 2201; x_wconf 90' lang='lat' dir='ltr'><strong>pro</strong></span> <span class='ocrx_word' id='word_1_106' title='bbox 1185 2108 1271 2180; x_wconf 86' lang='lat' dir='ltr'><strong>vino</strong></span> <span class='ocrx_word' id='word_1_107' title='bbox 1307 2131 1419 2199; x_wconf 81' lang='lat'>1‚2‚3.</span> 
     </span>
     <span class='ocr_line' id='line_1_14' title="bbox 123 2232 1470 2328; baseline 0.002 -25"><span class='ocrx_word' id='word_1_108' title='bbox 123 2236 255 2326; x_wconf 67' lang='lat'>2,5,87,</span> <span class='ocrx_word' id='word_1_109' title='bbox 286 2243 397 2327; x_wconf 81' lang='lat'>3,6‚5.</span> <span class='ocrx_word' id='word_1_110' title='bbox 430 2254 490 2327; x_wconf 87' lang='lat'><strong>57.</strong></span> <span class='ocrx_word' id='word_1_111' title='bbox 521 2254 659 2326; x_wconf 83' lang='lat'>4‚1‚57.</span> <span class='ocrx_word' id='word_1_112' title='bbox 712 2232 889 2306; x_wconf 90' lang='lat' dir='ltr'><strong>Falernus</strong></span> <span class='ocrx_word' id='word_1_113' title='bbox 923 2252 1061 2323; x_wconf 77' lang='lat'>2,1‚27.</span> <span class='ocrx_word' id='word_1_114' title='bbox 1105 2235 1253 2328; x_wconf 89' lang='lat' dir='ltr'><strong>Lyaeus</strong></span> <span class='ocrx_word' id='word_1_115' title='bbox 1284 2258 1417 2326; x_wconf 82' lang='lat'>3,2‚19.</span> <span class='ocrx_word' id='word_1_116' title='bbox 1467 2273 1470 2279; x_wconf 89' lang='lat'><strong>·</strong></span> 
     </span>
     <span class='ocr_line' id='line_1_15' title="bbox 120 2359 1420 2456; baseline 0.001 -25"><span class='ocrx_word' id='word_1_117' title='bbox 120 2359 194 2432; x_wconf 90' lang='lat' dir='ltr'><strong>Lar</strong></span> <span class='ocrx_word' id='word_1_118' title='bbox 222 2386 292 2456; x_wconf 89' lang='lat' dir='ltr'><strong>pro</strong></span> <span class='ocrx_word' id='word_1_119' title='bbox 321 2362 407 2435; x_wconf 80' lang='lat' dir='ltr'><strong>foco</strong></span> <span class='ocrx_word' id='word_1_120' title='bbox 443 2365 576 2455; x_wconf 85' lang='lat'><strong>1‚7,58.</strong></span> <span class='ocrx_word' id='word_1_121' title='bbox 620 2359 732 2433; x_wconf 89' lang='lat' dir='ltr'><strong>Canis</strong></span> <span class='ocrx_word' id='word_1_122' title='bbox 762 2363 923 2433; x_wconf 84' lang='lat' dir='ltr'><strong>aestivus</strong></span> <span class='ocrx_word' id='word_1_123' title='bbox 953 2385 1022 2455; x_wconf 87' lang='lat' dir='ltr'><strong>pro</strong></span> <span class='ocrx_word' id='word_1_124' title='bbox 1055 2375 1160 2432; x_wconf 91' lang='lat' dir='ltr'><strong>aestu</strong></span> <span class='ocrx_word' id='word_1_125' title='bbox 1196 2367 1302 2452; x_wconf 77' lang='lat'>1,4,6.</span> <span class='ocrx_word' id='word_1_126' title='bbox 1349 2362 1420 2432; x_wconf 91' lang='lat' dir='ltr'><strong>Lu-</strong></span> 
     </span>
     <span class='ocr_line' id='line_1_16' title="bbox 121 2488 1418 2585; baseline 0.002 -26"><span class='ocrx_word' id='word_1_127' title='bbox 121 2488 210 2560; x_wconf 87' lang='lat' dir='ltr'><strong>cifer</strong></span> <span class='ocrx_word' id='word_1_128' title='bbox 238 2514 307 2584; x_wconf 89' lang='lat' dir='ltr'><strong>pro</strong></span> <span class='ocrx_word' id='word_1_129' title='bbox 335 2489 417 2562; x_wconf 92' lang='lat' dir='ltr'><strong>luce</strong></span> <span class='ocrx_word' id='word_1_130' title='bbox 454 2512 584 2582; x_wconf 85' lang='lat'>1,3‚94.</span> <span class='ocrx_word' id='word_1_131' title='bbox 623 2488 808 2560; x_wconf 87' lang='lat' dir='ltr'><strong>Vulcanus</strong></span> <span class='ocrx_word' id='word_1_132' title='bbox 837 2516 903 2585; x_wconf 92' lang='lat' dir='ltr'><strong>pro</strong></span> <span class='ocrx_word' id='word_1_133' title='bbox 932 2490 1018 2582; x_wconf 83' lang='lat' dir='ltr'><strong>igne</strong></span> <span class='ocrx_word' id='word_1_134' title='bbox 1052 2512 1182 2579; x_wconf 81' lang='lat'>1,9,49.</span> <span class='ocrx_word' id='word_1_135' title='bbox 1228 2490 1318 2561; x_wconf 90' lang='lat' dir='ltr'><strong>Nais</strong></span> <span class='ocrx_word' id='word_1_136' title='bbox 1348 2515 1418 2584; x_wconf 88' lang='lat' dir='ltr'><strong>pro</strong></span> 
     </span>
     <span class='ocr_line' id='line_1_17' title="bbox 118 2616 1416 2712; baseline 0.002 -25"><span class='ocrx_word' id='word_1_137' title='bbox 118 2641 215 2712; x_wconf 91' lang='lat' dir='ltr'><strong>aqua</strong></span> <span class='ocrx_word' id='word_1_138' title='bbox 233 2622 370 2710; x_wconf 85' lang='lat'><strong>3‚6,57.</strong></span> <span class='ocrx_word' id='word_1_139' title='bbox 402 2618 547 2690; x_wconf 88' lang='lat' dir='ltr'><strong>Nereus</strong></span> <span class='ocrx_word' id='word_1_140' title='bbox 568 2642 637 2712; x_wconf 91' lang='lat' dir='ltr'><strong>pro</strong></span> <span class='ocrx_word' id='word_1_141' title='bbox 659 2617 749 2688; x_wconf 88' lang='lat' dir='ltr'><strong>mari</strong></span> <span class='ocrx_word' id='word_1_142' title='bbox 764 2641 835 2707; x_wconf 88' lang='lat'>4,1,</span> <span class='ocrx_word' id='word_1_143' title='bbox 841 2621 900 2707; x_wconf 89' lang='lat'><strong>58.</strong></span> <span class='ocrx_word' id='word_1_144' title='bbox 930 2616 1030 2687; x_wconf 88' lang='lat' dir='ltr'><strong>Mars</strong></span> <span class='ocrx_word' id='word_1_145' title='bbox 1051 2641 1120 2711; x_wconf 90' lang='lat' dir='ltr'><strong>pro</strong></span> <span class='ocrx_word' id='word_1_146' title='bbox 1140 2617 1237 2688; x_wconf 92' lang='lat' dir='ltr'><strong>bello</strong></span> <span class='ocrx_word' id='word_1_147' title='bbox 1261 2641 1416 2708; x_wconf 85' lang='lat' dir='ltr'><strong>1,10‚3o.</strong></span> 
     </span>
     <span class='ocr_line' id='line_1_18' title="bbox 116 2743 1414 2838; baseline 0.001 -24"><span class='ocrx_word' id='word_1_148' title='bbox 116 2746 249 2834; x_wconf 87' lang='lat' dir='ltr'><strong>4‚r‚98.</strong></span> <span class='ocrx_word' id='word_1_149' title='bbox 281 2768 362 2836; x_wconf 85' lang='lat'>103.</span> <span class='ocrx_word' id='word_1_150' title='bbox 400 2765 480 2836; x_wconf 82' lang='lat'>137.</span> <span class='ocrx_word' id='word_1_151' title='bbox 517 2768 597 2836; x_wconf 75' lang='lat'><strong>149.</strong></span> <span class='ocrx_word' id='word_1_152' title='bbox 637 2745 770 2816; x_wconf 86' lang='lat' dir='ltr'><strong>Martia</strong></span> <span class='ocrx_word' id='word_1_153' title='bbox 798 2744 950 2815; x_wconf 89' lang='lat' dir='ltr'><strong>classica</strong></span> <span class='ocrx_word' id='word_1_154' title='bbox 988 2767 1094 2832; x_wconf 81' lang='lat'>1‚1,4.</span> <span class='ocrx_word' id='word_1_155' title='bbox 1125 2743 1316 2815; x_wconf 87' lang='lat' dir='ltr'><strong>Camenae</strong></span> <span class='ocrx_word' id='word_1_156' title='bbox 1346 2770 1414 2838; x_wconf 86' lang='lat' dir='ltr'><strong>pro</strong></span> 
     </span>
     <span class='ocr_line' id='line_1_19' title="bbox 118 2870 1416 2966; baseline -0.001 -24"><span class='ocrx_word' id='word_1_157' title='bbox 118 2872 336 2944; x_wconf 87' lang='lat' dir='ltr'><strong>carminibus</strong></span> <span class='ocrx_word' id='word_1_158' title='bbox 366 2895 506 2962; x_wconf 83' lang='lat'>4,1,24.</span> <span class='ocrx_word' id='word_1_159' title='bbox 535 2898 616 2963; x_wconf 84' lang='lat'>191.</span> <span class='ocrx_word' id='word_1_160' title='bbox 647 2891 753 2962; x_wconf 83' lang='lat'>4‚7,3.</span> <span class='ocrx_word' id='word_1_161' title='bbox 785 2870 890 2942; x_wconf 79' lang='lat' dir='ltr'><strong>Aves</strong></span> <span class='ocrx_word' id='word_1_162' title='bbox 918 2893 1036 2964; x_wconf 81' lang='lat'>1,7,13</span> <span class='ocrx_word' id='word_1_163' title='bbox 1064 2897 1134 2966; x_wconf 89' lang='lat' dir='ltr'><strong>pro</strong></span> <span class='ocrx_word' id='word_1_164' title='bbox 1161 2871 1204 2942; x_wconf 91' lang='lat' dir='ltr'><strong>iis</strong></span> <span class='ocrx_word' id='word_1_165' title='bbox 1234 2889 1416 2965; x_wconf 90' lang='lat' dir='ltr'><strong>ponuntur</strong></span> 
     </span>
     <span class='ocr_line' id='line_1_20' title="bbox 116 2997 1418 3094; baseline 0 -24"><span class='ocrx_word' id='word_1_166' title='bbox 116 3024 213 3094; x_wconf 92' lang='lat' dir='ltr'><strong>quae</strong></span> <span class='ocrx_word' id='word_1_167' title='bbox 234 2999 484 3071; x_wconf 86' lang='lat' dir='ltr'><strong>vaticinantur.</strong></span> <span class='ocrx_word' id='word_1_168' title='bbox 514 2999 670 3071; x_wconf 89' lang='lat' dir='ltr'><strong>Concha</strong></span> <span class='ocrx_word' id='word_1_169' title='bbox 691 3022 821 3090; x_wconf 84' lang='lat' dir='ltr'><strong>2,4‚3o.</strong></span> <span class='ocrx_word' id='word_1_170' title='bbox 849 3000 1065 3088; x_wconf 85' lang='lat' dir='ltr'><strong>Fel2,4,12.</strong></span> <span class='ocrx_word' id='word_1_171' title='bbox 1095 2997 1239 3092; x_wconf 85' lang='lat' dir='ltr'><strong>Lingua</strong></span> <span class='ocrx_word' id='word_1_172' title='bbox 1255 3022 1418 3090; x_wconf 84' lang='lat'>4‚13‚20.</span> 
     </span>
     <span class='ocr_line' id='line_1_21' title="bbox 114 3124 1415 3221; baseline 0.001 -25"><span class='ocrx_word' id='word_1_173' title='bbox 114 3128 196 3197; x_wconf 86' lang='lat' dir='ltr'><strong>Lux</strong></span> <span class='ocrx_word' id='word_1_174' title='bbox 226 3149 334 3217; x_wconf 82' lang='lat'>3‚3‚9.</span> <span class='ocrx_word' id='word_1_175' title='bbox 369 3147 428 3218; x_wconf 82' lang='lat'><strong>25.</strong></span> <span class='ocrx_word' id='word_1_176' title='bbox 481 3125 584 3198; x_wconf 88' lang='lat' dir='ltr'><strong>Mola</strong></span> <span class='ocrx_word' id='word_1_177' title='bbox 612 3152 680 3221; x_wconf 90' lang='lat' dir='ltr'><strong>pro</strong></span> <span class='ocrx_word' id='word_1_178' title='bbox 710 3127 824 3199; x_wconf 81' lang='lat' dir='ltr'><strong>latina</strong></span> <span class='ocrx_word' id='word_1_179' title='bbox 859 3148 990 3218; x_wconf 83' lang='lat'>1,5‚14.</span> <span class='ocrx_word' id='word_1_180' title='bbox 1032 3126 1162 3198; x_wconf 86' lang='lat' dir='ltr'><strong>Murex</strong></span> <span class='ocrx_word' id='word_1_181' title='bbox 1191 3151 1259 3220; x_wconf 88' lang='lat' dir='ltr'><strong>pro</strong></span> <span class='ocrx_word' id='word_1_182' title='bbox 1289 3124 1415 3197; x_wconf 88' lang='lat' dir='ltr'><strong>colore</strong></span> 
     </span>
     <span class='ocr_line' id='line_1_22' title="bbox 113 3252 1414 3348; baseline 0.002 -25"><span class='ocrx_word' id='word_1_183' title='bbox 113 3277 302 3348; x_wconf 88' lang='lat' dir='ltr'><strong>purpureo</strong></span> <span class='ocrx_word' id='word_1_184' title='bbox 337 3258 475 3344; x_wconf 78' lang='lat'><strong>2‚4‚28.</strong></span> <span class='ocrx_word' id='word_1_185' title='bbox 507 3257 642 3346; x_wconf 84' lang='lat'>3,3,18.</span> <span class='ocrx_word' id='word_1_186' title='bbox 679 3255 826 3347; x_wconf 86' lang='lat' dir='ltr'><strong>Nardus</strong></span> <span class='ocrx_word' id='word_1_187' title='bbox 859 3259 999 3346; x_wconf 78' lang='lat'>3,6,63.</span> <span class='ocrx_word' id='word_1_188' title='bbox 1031 3252 1162 3324; x_wconf 91' lang='lat' dir='ltr'><strong>Nodus</strong></span> <span class='ocrx_word' id='word_1_189' title='bbox 1189 3254 1209 3324; x_wconf 91' lang='lat' dir='ltr'><strong>i.</strong></span> <span class='ocrx_word' id='word_1_190' title='bbox 1227 3280 1258 3324; x_wconf 94' lang='lat' dir='ltr'><strong>e.</strong></span> <span class='ocrx_word' id='word_1_191' title='bbox 1290 3269 1414 3325; x_wconf 84' lang='lat' dir='ltr'><strong>cestus</strong></span> 
     </span>
     <span class='ocr_line' id='line_1_23' title="bbox 121 3379 1418 3475; baseline -0.002 -23"><span class='ocrx_word' id='word_1_192' title='bbox 121 3383 226 3472; x_wconf 86' lang='lat'>1‚8,5.</span> <span class='ocrx_word' id='word_1_193' title='bbox 256 3379 346 3451; x_wconf 91' lang='lat' dir='ltr'><strong>Ovis</strong></span> <span class='ocrx_word' id='word_1_194' title='bbox 373 3406 442 3475; x_wconf 91' lang='lat' dir='ltr'><strong>pro</strong></span> <span class='ocrx_word' id='word_1_195' title='bbox 472 3398 576 3453; x_wconf 88' lang='lat' dir='ltr'><strong>veste</strong></span> <span class='ocrx_word' id='word_1_196' title='bbox 606 3408 653 3453; x_wconf 90' lang='lat' dir='ltr'><strong>ex</strong></span> <span class='ocrx_word' id='word_1_197' title='bbox 682 3382 759 3453; x_wconf 87' lang='lat' dir='ltr'><strong>eius</strong></span> <span class='ocrx_word' id='word_1_198' title='bbox 788 3383 872 3453; x_wconf 90' lang='lat' dir='ltr'><strong>lana</strong></span> <span class='ocrx_word' id='word_1_199' title='bbox 901 3381 997 3452; x_wconf 88' lang='lat' dir='ltr'><strong>sacta</strong></span> <span class='ocrx_word' id='word_1_200' title='bbox 1021 3383 1158 3469; x_wconf 80' lang='lat'><strong>2,4,28.</strong></span> <span class='ocrx_word' id='word_1_201' title='bbox 1190 3380 1262 3452; x_wconf 88' lang='lat' dir='ltr'><strong>Pes</strong></span> <span class='ocrx_word' id='word_1_202' title='bbox 1287 3403 1418 3473; x_wconf 87' lang='lat'>2‚1‚52.</span> 
     </span>
     <span class='ocr_line' id='line_1_24' title="bbox 118 3507 1418 3601; baseline 0.001 -23"><span class='ocrx_word' id='word_1_203' title='bbox 118 3512 348 3598; x_wconf 85' lang='lat'>2,5‚16.112.</span> <span class='ocrx_word' id='word_1_204' title='bbox 365 3517 506 3600; x_wconf 32' lang='lat'>4,1‚36‘</span> <span class='ocrx_word' id='word_1_205' title='bbox 537 3509 640 3580; x_wconf 88' lang='lat' dir='ltr'><strong>Ritus</strong></span> <span class='ocrx_word' id='word_1_206' title='bbox 662 3530 822 3601; x_wconf 77' lang='lat'>1,10‚50.</span> <span class='ocrx_word' id='word_1_207' title='bbox 848 3509 935 3580; x_wconf 89' lang='lat' dir='ltr'><strong>Sitis</strong></span> <span class='ocrx_word' id='word_1_208' title='bbox 957 3533 1065 3579; x_wconf 91' lang='lat' dir='ltr'><strong>arens</strong></span> <span class='ocrx_word' id='word_1_209' title='bbox 1088 3530 1220 3597; x_wconf 82' lang='lat' dir='ltr'><strong>r,4‚42.</strong></span> <span class='ocrx_word' id='word_1_210' title='bbox 1246 3507 1418 3579; x_wconf 89' lang='lat' dir='ltr'><strong>Testudo</strong></span> 
     </span>
     <span class='ocr_line' id='line_1_25' title="bbox 114 3635 1419 3732; baseline 0 -26"><span class='ocrx_word' id='word_1_211' title='bbox 114 3660 188 3731; x_wconf 91' lang='lat' dir='ltr'><strong>pro</strong></span> <span class='ocrx_word' id='word_1_212' title='bbox 204 3636 281 3706; x_wconf 92' lang='lat' dir='ltr'><strong>eius</strong></span> <span class='ocrx_word' id='word_1_213' title='bbox 297 3637 483 3730; x_wconf 88' lang='lat' dir='ltr'><strong>putamine</strong></span> <span class='ocrx_word' id='word_1_214' title='bbox 502 3659 569 3728; x_wconf 78' lang='lat'>3,4‚</span> <span class='ocrx_word' id='word_1_215' title='bbox 576 3660 633 3730; x_wconf 85' lang='lat'><strong>37.</strong></span> <span class='ocrx_word' id='word_1_216' title='bbox 664 3636 866 3732; x_wconf 88' lang='lat' dir='ltr'><strong>Tremores</strong></span> <span class='ocrx_word' id='word_1_217' title='bbox 888 3658 1030 3730; x_wconf 51' lang='lat'>3413.</span> <span class='ocrx_word' id='word_1_218' title='bbox 1058 3635 1198 3706; x_wconf 80' lang='lat' dir='ltr'><strong>Audire</strong></span> <span class='ocrx_word' id='word_1_219' title='bbox 1216 3636 1340 3706; x_wconf 90' lang='lat' dir='ltr'><strong>tubam</strong></span> <span class='ocrx_word' id='word_1_220' title='bbox 1356 3636 1419 3706; x_wconf 86' lang='lat' dir='ltr'><strong>ie.</strong></span> 
     </span>
     <span class='ocr_line' id='line_1_26' title="bbox 115 3763 1418 3847; baseline -0.002 -12"><span class='ocrx_word' id='word_1_221' title='bbox 115 3787 245 3835; x_wconf 91' lang='lat' dir='ltr'><strong>sonum</strong></span> <span class='ocrx_word' id='word_1_222' title='bbox 257 3764 489 3847; x_wconf 86' lang='lat' dir='ltr'><strong>tubae1‚1o,1</strong></span> <span class='ocrx_word' id='word_1_223' title='bbox 502 3788 531 3835; x_wconf 90' lang='lat'><strong>2.</strong></span> <span class='ocrx_word' id='word_1_224' title='bbox 560 3764 676 3836; x_wconf 78' lang='lat' dir='ltr'><strong>Arma</strong></span> <span class='ocrx_word' id='word_1_225' title='bbox 691 3789 840 3837; x_wconf 90' lang='lat' dir='ltr'><strong>nossem</strong></span> <span class='ocrx_word' id='word_1_226' title='bbox 856 3763 910 3836; x_wconf 80' lang='lat' dir='ltr'><strong>ie.</strong></span> <span class='ocrx_word' id='word_1_227' title='bbox 932 3778 1048 3836; x_wconf 91' lang='lat' dir='ltr'><strong>artem</strong></span> <span class='ocrx_word' id='word_1_228' title='bbox 1063 3787 1246 3837; x_wconf 88' lang='lat' dir='ltr'><strong>armorum</strong></span> <span class='ocrx_word' id='word_1_229' title='bbox 1262 3785 1418 3846; x_wconf 84' lang='lat'>1‚10,12.</span> 
     </span>
    </p>
   </div>
   <div class='ocr_carea' id='block_1_6' title="bbox 277 4061 1259 4154">
    <p class='ocr_par' dir='ltr' id='par_1_6' title="bbox 277 4061 1259 4154">
     <span class='ocr_line' id='line_1_27' title="bbox 277 4061 1259 4154; baseline -0.001 -21"><span class='ocrx_word' id='word_1_230' title='bbox 277 4062 318 4134; x_wconf 91' lang='lat' dir='ltr'><strong>B.</strong></span> <span class='ocrx_word' id='word_1_231' title='bbox 361 4061 437 4133; x_wconf 89' lang='lat' dir='ltr'><strong>Res</strong></span> <span class='ocrx_word' id='word_1_232' title='bbox 463 4064 601 4135; x_wconf 86' lang='lat' dir='ltr'><strong>effecta</strong></span> <span class='ocrx_word' id='word_1_233' title='bbox 628 4086 701 4154; x_wconf 87' lang='lat' dir='ltr'><strong>pro</strong></span> <span class='ocrx_word' id='word_1_234' title='bbox 726 4083 843 4134; x_wconf 85' lang='lat' dir='ltr'><strong>causa</strong></span> <span class='ocrx_word' id='word_1_235' title='bbox 871 4063 1058 4134; x_wconf 82' lang='lat' dir='ltr'><strong>efficienti</strong></span> <span class='ocrx_word' id='word_1_236' title='bbox 1086 4061 1259 4154; x_wconf 87' lang='lat' dir='ltr'><strong>ponitur.</strong></span> 
     </span>
    </p>
   </div>
   <div class='ocr_carea' id='block_1_7' title="bbox 117 4267 1422 4499">
    <p class='ocr_par' dir='ltr' id='par_1_7' title="bbox 117 4267 1422 4499">
     <span class='ocr_line' id='line_1_28' title="bbox 228 4267 1415 4368; baseline -0.006 -23"><span class='ocrx_word' id='word_1_237' title='bbox 228 4278 371 4366; x_wconf 84' lang='lat'>3‚1.28;</span> <span class='ocrx_word' id='word_1_238' title='bbox 416 4275 529 4346; x_wconf 90' lang='lat' dir='ltr'><strong>Huius</strong></span> <span class='ocrx_word' id='word_1_239' title='bbox 559 4299 663 4368; x_wconf 89' lang='lat' dir='ltr'><strong>spem</strong></span> <span class='ocrx_word' id='word_1_240' title='bbox 697 4274 851 4346; x_wconf 91' lang='lat' dir='ltr'><strong>nominis</strong></span> <span class='ocrx_word' id='word_1_241' title='bbox 880 4272 929 4346; x_wconf 92' lang='lat' dir='ltr'><strong>illi</strong></span> <span class='ocrx_word' id='word_1_242' title='bbox 957 4275 1101 4346; x_wconf 86' lang='lat' dir='ltr'><strong>auferet</strong></span> <span class='ocrx_word' id='word_1_243' title='bbox 1131 4274 1311 4345; x_wconf 89' lang='lat' dir='ltr'><strong>exstincto</strong></span> <span class='ocrx_word' id='word_1_244' title='bbox 1340 4267 1415 4363; x_wconf 88' lang='lat' dir='ltr'><strong>pal-</strong></span> 
     </span>
     <span class='ocr_line' id='line_1_29' title="bbox 117 4397 1422 4499; baseline -0.004 -27"><span class='ocrx_word' id='word_1_245' title='bbox 117 4400 194 4473; x_wconf 90' lang='lat' dir='ltr'><strong>lida</strong></span> <span class='ocrx_word' id='word_1_246' title='bbox 222 4401 315 4473; x_wconf 89' lang='lat' dir='ltr'><strong>Ditis</strong></span> <span class='ocrx_word' id='word_1_247' title='bbox 346 4427 452 4499; x_wconf 90' lang='lat' dir='ltr'><strong>aqua.</strong></span> <span class='ocrx_word' id='word_1_248' title='bbox 482 4399 597 4475; x_wconf 87' lang='lat' dir='ltr'><strong>Color</strong></span> <span class='ocrx_word' id='word_1_249' title='bbox 625 4404 738 4495; x_wconf 82' lang='lat'><strong>4,4‚6.</strong></span> <span class='ocrx_word' id='word_1_250' title='bbox 769 4425 910 4495; x_wconf 80' lang='lat'>4,11‚2.</span> <span class='ocrx_word' id='word_1_251' title='bbox 954 4403 1054 4474; x_wconf 89' lang='lat' dir='ltr'><strong>Laus</strong></span> <span class='ocrx_word' id='word_1_252' title='bbox 1085 4403 1223 4497; x_wconf 54' lang='lat'><strong>4,1‚88.‚</strong></span> <span class='ocrx_word' id='word_1_253' title='bbox 1271 4397 1422 4484; x_wconf 82' lang='lat' dir='ltr'><strong>Odores</strong></span> 
     </span>
    </p>
   </div>
   <div class='ocr_carea' id='block_1_8' title="bbox 0 0 1542 4980">
    <p class='ocr_par' dir='ltr' id='par_1_8' title="bbox 0 0 1542 4980">
     <span class='ocr_line' id='line_1_30' title="bbox 0 0 1542 4980; baseline 0 7"><span class='ocrx_word' id='word_1_254' title='bbox 0 0 1542 4980; x_wconf 95' lang='lat' dir='ltr'><strong> </strong></span> 
     </span>
    </p>
   </div>
  </div>
 </body>
</html>
