<?xml version="1.0" encoding="UTF-8"?>
<!DOCTYPE html PUBLIC "-//W3C//DTD XHTML 1.0 Transitional//EN"
    "http://www.w3.org/TR/xhtml1/DTD/xhtml1-transitional.dtd">
<html xmlns="http://www.w3.org/1999/xhtml" xml:lang="en" lang="en">
 <head>
  <title>
</title>
<meta http-equiv="Content-Type" content="text/html;charset=utf-8" />
  <meta name='ocr-system' content='tesseract 3.04.00' />
  <meta name='ocr-capabilities' content='ocr_page ocr_carea ocr_par ocr_line ocrx_word'/>
</head>
<body>
  <div class='ocr_page' id='page_1' title='image "./detropisetfigur01hansgoog_0011.png"; bbox 0 0 3074 4980; ppageno 0'>
   <div class='ocr_carea' id='block_1_1' title="bbox 777 247 799 308">
    <p class='ocr_par' dir='ltr' id='par_1_1' title="bbox 777 247 799 308">
     <span class='ocr_line' id='line_1_1' title="bbox 777 247 799 308; baseline 0 0"><span class='ocrx_word' id='word_1_1' title='bbox 777 247 799 308; x_wconf 89' lang='lat'><strong>6</strong></span> 
     </span>
    </p>
   </div>
   <div class='ocr_carea' id='block_1_2' title="bbox 682 336 893 347">
    <p class='ocr_par' dir='ltr' id='par_1_2' title="bbox 682 336 893 347">
     <span class='ocr_line' id='line_1_2' title="bbox 682 336 893 347; baseline -0.005 0"><span class='ocrx_word' id='word_1_2' title='bbox 682 336 893 347; x_wconf 72' lang='lat'>.....———--</span> 
     </span>
    </p>
   </div>
   <div class='ocr_carea' id='block_1_3' title="bbox 32 458 1441 3641">
    <p class='ocr_par' dir='ltr' id='par_1_3' title="bbox 39 458 1436 1077">
     <span class='ocr_line' id='line_1_3' title="bbox 138 458 1435 563; baseline -0.002 -22"><span class='ocrx_word' id='word_1_3' title='bbox 138 480 268 541; x_wconf 88' lang='lat' dir='ltr'>aetate</span> <span class='ocrx_word' id='word_1_4' title='bbox 297 461 453 539; x_wconf 88' lang='lat' dir='ltr'>Caroli</span> <span class='ocrx_word' id='word_1_5' title='bbox 482 464 637 563; x_wconf 75' lang='lat' dir='ltr'>Magni</span> <span class='ocrx_word' id='word_1_6' title='bbox 656 463 828 561; x_wconf 87' lang='lat' dir='ltr'>scriptum</span> <span class='ocrx_word' id='word_1_7' title='bbox 847 458 1004 537; x_wconf 88' lang='lat' dir='ltr'>videtur.</span> <span class='ocrx_word' id='word_1_8' title='bbox 1062 462 1265 557; x_wconf 85' lang='lat' dir='ltr'>Quomodo</span> <span class='ocrx_word' id='word_1_9' title='bbox 1295 489 1341 536; x_wconf 89' lang='lat' dir='ltr'>ex</span> <span class='ocrx_word' id='word_1_10' title='bbox 1363 465 1435 538; x_wconf 93' lang='lat' dir='ltr'>hoc</span> 
     </span>
     <span class='ocr_line' id='line_1_4' title="bbox 139 583 1436 694; baseline -0.001 -26"><span class='ocrx_word' id='word_1_11' title='bbox 139 583 383 694; x_wconf 77' lang='lat' dir='ltr'>fragmentum</span> <span class='ocrx_word' id='word_1_12' title='bbox 422 594 657 669; x_wconf 89' lang='lat' dir='ltr'>Cuiacianum</span> <span class='ocrx_word' id='word_1_13' title='bbox 700 610 739 667; x_wconf 94' lang='lat' dir='ltr'>et</span> <span class='ocrx_word' id='word_1_14' title='bbox 771 606 948 688; x_wconf 85' lang='lat' dir='ltr'>excerpta</span> <span class='ocrx_word' id='word_1_15' title='bbox 982 592 1233 690; x_wconf 84' lang='lat' dir='ltr'>Frisingensia</span> <span class='ocrx_word' id='word_1_16' title='bbox 1270 593 1436 667; x_wconf 87' lang='lat' dir='ltr'>fluxerint</span> 
     </span>
     <span class='ocr_line' id='line_1_5' title="bbox 137 722 1435 821; baseline -0.002 -24"><span class='ocrx_word' id='word_1_17' title='bbox 137 740 176 798; x_wconf 91' lang='lat' dir='ltr'>et</span> <span class='ocrx_word' id='word_1_18' title='bbox 215 722 474 821; x_wconf 84' lang='lat' dir='ltr'>qualicumque</span> <span class='ocrx_word' id='word_1_19' title='bbox 530 723 754 820; x_wconf 85' lang='lat' dir='ltr'>cognatione</span> <span class='ocrx_word' id='word_1_20' title='bbox 795 723 889 795; x_wconf 90' lang='lat' dir='ltr'>inter</span> <span class='ocrx_word' id='word_1_21' title='bbox 929 747 971 795; x_wconf 90' lang='lat' dir='ltr'>se</span> <span class='ocrx_word' id='word_1_22' title='bbox 1009 723 1273 806; x_wconf 89' lang='lat' dir='ltr'>contineantur,</span> <span class='ocrx_word' id='word_1_23' title='bbox 1325 722 1435 796; x_wconf 88' lang='lat' dir='ltr'>statui</span> 
     </span>
     <span class='ocr_line' id='line_1_6' title="bbox 39 832 1434 951; baseline -0.002 -26"><span class='ocrx_word' id='word_1_24' title='bbox 39 944 43 951; x_wconf 90' lang='lat'><em>.</em></span> <span class='ocrx_word' id='word_1_25' title='bbox 140 851 286 926; x_wconf 90' lang='lat' dir='ltr'>omnino</span> <span class='ocrx_word' id='word_1_26' title='bbox 313 872 386 927; x_wconf 91' lang='lat' dir='ltr'>non</span> <span class='ocrx_word' id='word_1_27' title='bbox 412 868 553 949; x_wconf 89' lang='lat' dir='ltr'>potest.</span> <span class='ocrx_word' id='word_1_28' title='bbox 610 851 717 925; x_wconf 88' lang='lat' dir='ltr'>Ultra</span> <span class='ocrx_word' id='word_1_29' title='bbox 757 851 829 925; x_wconf 92' lang='lat' dir='ltr'>hoc</span> <span class='ocrx_word' id='word_1_30' title='bbox 866 851 1110 948; x_wconf 90' lang='lat' dir='ltr'>archetypum</span> <span class='ocrx_word' id='word_1_31' title='bbox 1139 832 1274 923; x_wconf 84' lang='lat' dir='ltr'>Tibulli</span> <span class='ocrx_word' id='word_1_32' title='bbox 1309 851 1434 924; x_wconf 88' lang='lat' dir='ltr'>earmi-</span> 
     </span>
     <span class='ocr_line' id='line_1_7' title="bbox 140 979 903 1077; baseline 0 -23"><span class='ocrx_word' id='word_1_33' title='bbox 140 1006 224 1055; x_wconf 92' lang='lat' dir='ltr'>num</span> <span class='ocrx_word' id='word_1_34' title='bbox 252 981 408 1054; x_wconf 89' lang='lat' dir='ltr'>historia</span> <span class='ocrx_word' id='word_1_35' title='bbox 437 979 640 1054; x_wconf 88' lang='lat' dir='ltr'>continuari</span> <span class='ocrx_word' id='word_1_36' title='bbox 667 1004 740 1053; x_wconf 92' lang='lat' dir='ltr'>non</span> <span class='ocrx_word' id='word_1_37' title='bbox 767 995 903 1077; x_wconf 90' lang='lat' dir='ltr'>potest.</span> 
     </span>
    </p>

    <p class='ocr_par' dir='ltr' id='par_1_4' title="bbox 32 1105 1441 3128">
     <span class='ocr_line' id='line_1_8' title="bbox 243 1105 1436 1206; baseline -0.002 -25"><span class='ocrx_word' id='word_1_38' title='bbox 243 1109 372 1206; x_wconf 90' lang='lat' dir='ltr'>Itaque</span> <span class='ocrx_word' id='word_1_39' title='bbox 401 1134 513 1205; x_wconf 89' lang='lat' dir='ltr'>quum</span> <span class='ocrx_word' id='word_1_40' title='bbox 542 1108 706 1182; x_wconf 91' lang='lat' dir='ltr'>codicum</span> <span class='ocrx_word' id='word_1_41' title='bbox 735 1105 871 1181; x_wconf 88' lang='lat' dir='ltr'>Tibulli</span> <span class='ocrx_word' id='word_1_42' title='bbox 899 1106 1133 1181; x_wconf 88' lang='lat' dir='ltr'>conditiones</span> <span class='ocrx_word' id='word_1_43' title='bbox 1167 1106 1202 1180; x_wconf 90' lang='lat' dir='ltr'>in</span> <span class='ocrx_word' id='word_1_44' title='bbox 1228 1107 1436 1180; x_wconf 92' lang='lat' dir='ltr'>universum</span> 
     </span>
     <span class='ocr_line' id='line_1_9' title="bbox 138 1233 1437 1332; baseline -0.002 -22"><span class='ocrx_word' id='word_1_45' title='bbox 138 1262 214 1310; x_wconf 95' lang='lat' dir='ltr'>non</span> <span class='ocrx_word' id='word_1_46' title='bbox 240 1236 311 1309; x_wconf 90' lang='lat' dir='ltr'>sint</span> <span class='ocrx_word' id='word_1_47' title='bbox 337 1238 472 1323; x_wconf 77' lang='lat' dir='ltr'>bonae,</span> <span class='ocrx_word' id='word_1_48' title='bbox 502 1237 652 1332; x_wconf 90' lang='lat' dir='ltr'>saepius</span> <span class='ocrx_word' id='word_1_49' title='bbox 679 1237 850 1310; x_wconf 80' lang='lat' dir='ltr'>liberiore</span> <span class='ocrx_word' id='word_1_50' title='bbox 872 1236 995 1309; x_wconf 84' lang='lat' dir='ltr'>critice</span> <span class='ocrx_word' id='word_1_51' title='bbox 1020 1260 1115 1332; x_wconf 89' lang='lat' dir='ltr'>opus</span> <span class='ocrx_word' id='word_1_52' title='bbox 1136 1250 1203 1310; x_wconf 89' lang='lat' dir='ltr'>est.</span> <span class='ocrx_word' id='word_1_53' title='bbox 1261 1233 1437 1308; x_wconf 85' lang='lat' dir='ltr'>Attamen</span> 
     </span>
     <span class='ocr_line' id='line_1_10' title="bbox 139 1361 1439 1460; baseline -0.003 -22"><span class='ocrx_word' id='word_1_54' title='bbox 139 1365 344 1438; x_wconf 87' lang='lat' dir='ltr'>cavendum</span> <span class='ocrx_word' id='word_1_55' title='bbox 361 1378 419 1438; x_wconf 90' lang='lat' dir='ltr'>est</span> <span class='ocrx_word' id='word_1_56' title='bbox 437 1390 484 1438; x_wconf 92' lang='lat' dir='ltr'>ne</span> <span class='ocrx_word' id='word_1_57' title='bbox 503 1363 652 1437; x_wconf 91' lang='lat' dir='ltr'>modum</span> <span class='ocrx_word' id='word_1_58' title='bbox 671 1379 915 1439; x_wconf 83' lang='lat' dir='ltr'>transeamus</span> <span class='ocrx_word' id='word_1_59' title='bbox 949 1365 1042 1438; x_wconf 91' lang='lat' dir='ltr'>Sunt</span> <span class='ocrx_word' id='word_1_60' title='bbox 1057 1364 1152 1437; x_wconf 92' lang='lat' dir='ltr'>enim</span> <span class='ocrx_word' id='word_1_61' title='bbox 1173 1364 1233 1460; x_wconf 87' lang='lat' dir='ltr'>qui</span> <span class='ocrx_word' id='word_1_62' title='bbox 1259 1361 1439 1457; x_wconf 88' lang='lat' dir='ltr'>Scaligeri</span> 
     </span>
     <span class='ocr_line' id='line_1_11' title="bbox 140 1491 1435 1590; baseline -0.001 -25"><span class='ocrx_word' id='word_1_63' title='bbox 140 1491 349 1589; x_wconf 83' lang='lat' dir='ltr'>exemplum</span> <span class='ocrx_word' id='word_1_64' title='bbox 377 1493 494 1567; x_wconf 87' lang='lat' dir='ltr'>secuti</span> <span class='ocrx_word' id='word_1_65' title='bbox 504 1492 538 1565; x_wconf 92' lang='lat' dir='ltr'>in</span> <span class='ocrx_word' id='word_1_66' title='bbox 566 1492 637 1565; x_wconf 91' lang='lat' dir='ltr'>hoc</span> <span class='ocrx_word' id='word_1_67' title='bbox 657 1492 840 1589; x_wconf 82' lang='lat' dir='ltr'>scriptore</span> <span class='ocrx_word' id='word_1_68' title='bbox 868 1492 989 1565; x_wconf 90' lang='lat' dir='ltr'>omnia</span> <span class='ocrx_word' id='word_1_69' title='bbox 1004 1492 1072 1565; x_wconf 85' lang='lat' dir='ltr'>sibi</span> <span class='ocrx_word' id='word_1_70' title='bbox 1097 1494 1279 1590; x_wconf 89' lang='lat' dir='ltr'>permissa</span> <span class='ocrx_word' id='word_1_71' title='bbox 1294 1506 1435 1588; x_wconf 90' lang='lat' dir='ltr'>putent.</span> 
     </span>
     <span class='ocr_line' id='line_1_12' title="bbox 141 1619 1437 1718; baseline 0 -25"><span class='ocrx_word' id='word_1_72' title='bbox 141 1619 263 1713; x_wconf 84' lang='lat' dir='ltr'>Quem</span> <span class='ocrx_word' id='word_1_73' title='bbox 292 1621 395 1694; x_wconf 89' lang='lat' dir='ltr'>nimis</span> <span class='ocrx_word' id='word_1_74' title='bbox 422 1621 671 1718; x_wconf 86' lang='lat' dir='ltr'>indulgentem</span> <span class='ocrx_word' id='word_1_75' title='bbox 699 1620 986 1717; x_wconf 88' lang='lat' dir='ltr'>transponendis</span> <span class='ocrx_word' id='word_1_76' title='bbox 1006 1620 1172 1695; x_wconf 89' lang='lat' dir='ltr'>versibus</span> <span class='ocrx_word' id='word_1_77' title='bbox 1201 1646 1329 1695; x_wconf 91' lang='lat' dir='ltr'>omnes</span> <span class='ocrx_word' id='word_1_78' title='bbox 1357 1620 1437 1693; x_wconf 85' lang='lat' dir='ltr'>lere</span> 
     </span>
     <span class='ocr_line' id='line_1_13' title="bbox 140 1745 1438 1846; baseline -0.002 -24"><span class='ocrx_word' id='word_1_79' title='bbox 140 1749 273 1823; x_wconf 88' lang='lat' dir='ltr'>Batavi</span> <span class='ocrx_word' id='word_1_80' title='bbox 301 1765 340 1822; x_wconf 94' lang='lat' dir='ltr'>ut</span> <span class='ocrx_word' id='word_1_81' title='bbox 367 1747 616 1822; x_wconf 90' lang='lat' dir='ltr'>Broukhusius</span> <span class='ocrx_word' id='word_1_82' title='bbox 644 1745 777 1846; x_wconf 87' lang='lat' dir='ltr'>aliique</span> <span class='ocrx_word' id='word_1_83' title='bbox 807 1749 922 1822; x_wconf 89' lang='lat' dir='ltr'>secuti</span> <span class='ocrx_word' id='word_1_84' title='bbox 949 1764 1040 1834; x_wconf 84' lang='lat' dir='ltr'>sunt,</span> <span class='ocrx_word' id='word_1_85' title='bbox 1068 1749 1154 1822; x_wconf 92' lang='lat' dir='ltr'>dum</span> <span class='ocrx_word' id='word_1_86' title='bbox 1174 1766 1339 1823; x_wconf 90' lang='lat' dir='ltr'>veterem</span> <span class='ocrx_word' id='word_1_87' title='bbox 1359 1775 1438 1822; x_wconf 91' lang='lat' dir='ltr'>ver-</span> 
     </span>
     <span class='ocr_line' id='line_1_14' title="bbox 140 1873 1436 1973; baseline -0.001 -23"><span class='ocrx_word' id='word_1_88' title='bbox 140 1903 245 1950; x_wconf 93' lang='lat' dir='ltr'>suum</span> <span class='ocrx_word' id='word_1_89' title='bbox 278 1877 445 1950; x_wconf 91' lang='lat' dir='ltr'>ordinem</span> <span class='ocrx_word' id='word_1_90' title='bbox 485 1876 643 1950; x_wconf 86' lang='lat' dir='ltr'>restituit</span> <span class='ocrx_word' id='word_1_91' title='bbox 676 1873 829 1973; x_wconf 89' lang='lat' dir='ltr'>Vulpius</span> <span class='ocrx_word' id='word_1_92' title='bbox 860 1874 979 1952; x_wconf 83' lang='lat' dir='ltr'>Italus</span> <span class='ocrx_word' id='word_1_93' title='bbox 1044 1876 1192 1951; x_wconf 89' lang='lat' dir='ltr'>Deinde</span> <span class='ocrx_word' id='word_1_94' title='bbox 1230 1878 1436 1973; x_wconf 90' lang='lat' dir='ltr'>Heynius</span> 
     </span>
     <span class='ocr_line' id='line_1_15' title="bbox 32 1987 1438 2105; baseline 0 -27"><span class='ocrx_word' id='word_1_95' title='bbox 32 1987 34 1992; x_wconf 13' lang='lat' dir='ltr'><strong><em>f</em></strong></span> <span class='ocrx_word' id='word_1_96' title='bbox 75 2093 80 2105; x_wconf 24' lang='grc' dir='ltr'><strong>Α</strong></span> <span class='ocrx_word' id='word_1_97' title='bbox 141 2006 337 2079; x_wconf 90' lang='lat' dir='ltr'>Vossius</span> <span class='ocrx_word' id='word_1_98' title='bbox 377 2001 675 2079; x_wconf 90' lang='lat' dir='ltr'>Wunderlichius</span> <span class='ocrx_word' id='word_1_99' title='bbox 709 2005 758 2078; x_wconf 88' lang='lat' dir='ltr'>de</span> <span class='ocrx_word' id='word_1_100' title='bbox 790 2003 935 2079; x_wconf 87' lang='lat' dir='ltr'>Tibullo</span> <span class='ocrx_word' id='word_1_101' title='bbox 970 2007 1067 2078; x_wconf 91' lang='lat' dir='ltr'>bene</span> <span class='ocrx_word' id='word_1_102' title='bbox 1101 2005 1218 2079; x_wconf 91' lang='lat' dir='ltr'>meriti</span> <span class='ocrx_word' id='word_1_103' title='bbox 1253 2019 1344 2079; x_wconf 91' lang='lat' dir='ltr'>sunt.</span> <span class='ocrx_word' id='word_1_104' title='bbox 1406 2007 1438 2100; x_wconf 89' lang='lat' dir='ltr'>E</span> 
     </span>
     <span class='ocr_line' id='line_1_16' title="bbox 143 2132 1437 2230; baseline -0.002 -24"><span class='ocrx_word' id='word_1_105' title='bbox 143 2134 274 2230; x_wconf 92' lang='lat' dir='ltr'>quibus</span> <span class='ocrx_word' id='word_1_106' title='bbox 317 2132 526 2206; x_wconf 87' lang='lat' dir='ltr'>Vossius</span> <span class='ocrx_word' id='word_1_107' title='bbox 567 2133 702 2228; x_wconf 92' lang='lat' dir='ltr'>primus</span> <span class='ocrx_word' id='word_1_108' title='bbox 745 2134 1008 2206; x_wconf 88' lang='lat' dir='ltr'>demonstravit</span> <span class='ocrx_word' id='word_1_109' title='bbox 1048 2133 1194 2207; x_wconf 91' lang='lat' dir='ltr'>tertium</span> <span class='ocrx_word' id='word_1_110' title='bbox 1236 2132 1437 2229; x_wconf 84' lang='lat' dir='ltr'>elegiarum</span> 
     </span>
     <span class='ocr_line' id='line_1_17' title="bbox 140 2259 1439 2357; baseline 0.002 -24"><span class='ocrx_word' id='word_1_111' title='bbox 140 2260 272 2334; x_wconf 92' lang='lat' dir='ltr'>librum</span> <span class='ocrx_word' id='word_1_112' title='bbox 301 2260 349 2333; x_wconf 90' lang='lat' dir='ltr'>ab</span> <span class='ocrx_word' id='word_1_113' title='bbox 377 2259 449 2334; x_wconf 90' lang='lat' dir='ltr'>alio</span> <span class='ocrx_word' id='word_1_114' title='bbox 480 2261 726 2357; x_wconf 91' lang='lat' dir='ltr'>compositum</span> <span class='ocrx_word' id='word_1_115' title='bbox 756 2287 855 2335; x_wconf 90' lang='lat' dir='ltr'>esse.</span> <span class='ocrx_word' id='word_1_116' title='bbox 902 2261 1011 2354; x_wconf 86' lang='lat' dir='ltr'>Quae</span> <span class='ocrx_word' id='word_1_117' title='bbox 1039 2262 1199 2334; x_wconf 91' lang='lat' dir='ltr'>carmina</span> <span class='ocrx_word' id='word_1_118' title='bbox 1228 2288 1322 2335; x_wconf 91' lang='lat' dir='ltr'>nunc</span> <span class='ocrx_word' id='word_1_119' title='bbox 1342 2262 1439 2357; x_wconf 81' lang='lat' dir='ltr'>Lyg-</span> 
     </span>
     <span class='ocr_line' id='line_1_18' title="bbox 143 2387 1439 2487; baseline 0.001 -25"><span class='ocrx_word' id='word_1_120' title='bbox 143 2390 255 2463; x_wconf 88' lang='lat' dir='ltr'>damo</span> <span class='ocrx_word' id='word_1_121' title='bbox 284 2387 447 2474; x_wconf 87' lang='lat' dir='ltr'>cuidam,</span> <span class='ocrx_word' id='word_1_122' title='bbox 482 2389 530 2463; x_wconf 88' lang='lat' dir='ltr'>de</span> <span class='ocrx_word' id='word_1_123' title='bbox 568 2415 642 2487; x_wconf 94' lang='lat' dir='ltr'>quo</span> <span class='ocrx_word' id='word_1_124' title='bbox 678 2387 762 2464; x_wconf 93' lang='lat' dir='ltr'>nihil</span> <span class='ocrx_word' id='word_1_125' title='bbox 799 2391 1002 2465; x_wconf 89' lang='lat' dir='ltr'>accuratius</span> <span class='ocrx_word' id='word_1_126' title='bbox 1036 2389 1188 2479; x_wconf 84' lang='lat' dir='ltr'>scimus,</span> <span class='ocrx_word' id='word_1_127' title='bbox 1225 2391 1439 2464; x_wconf 91' lang='lat' dir='ltr'>tribuuntur.</span> 
     </span>
     <span class='ocr_line' id='line_1_19' title="bbox 143 2493 1440 2615; baseline -0.002 -24"><span class='ocrx_word' id='word_1_128' title='bbox 143 2517 316 2592; x_wconf 90' lang='lat' dir='ltr'>Carmina</span> <span class='ocrx_word' id='word_1_129' title='bbox 350 2543 499 2615; x_wconf 90' lang='lat' dir='ltr'>quoque</span> <span class='ocrx_word' id='word_1_130' title='bbox 533 2493 613 2591; x_wconf 92' lang='lat' dir='ltr'>libri</span> <span class='ocrx_word' id='word_1_131' title='bbox 644 2519 763 2614; x_wconf 85' lang='lat' dir='ltr'>quarti</span> <span class='ocrx_word' id='word_1_132' title='bbox 798 2518 969 2615; x_wconf 81' lang='lat' dir='ltr'>primum,</span> <span class='ocrx_word' id='word_1_133' title='bbox 1007 2518 1201 2614; x_wconf 91' lang='lat' dir='ltr'>septimum</span> <span class='ocrx_word' id='word_1_134' title='bbox 1240 2544 1357 2615; x_wconf 91' lang='lat' dir='ltr'>usque</span> <span class='ocrx_word' id='word_1_135' title='bbox 1391 2517 1440 2591; x_wconf 88' lang='lat' dir='ltr'>ad</span> 
     </span>
     <span class='ocr_line' id='line_1_20' title="bbox 144 2643 1440 2745; baseline 0 -27"><span class='ocrx_word' id='word_1_136' title='bbox 144 2645 406 2719; x_wconf 90' lang='lat' dir='ltr'>duodecimum</span> <span class='ocrx_word' id='word_1_137' title='bbox 433 2645 579 2720; x_wconf 91' lang='lat' dir='ltr'>Tibullo</span> <span class='ocrx_word' id='word_1_138' title='bbox 606 2647 817 2721; x_wconf 88' lang='lat' dir='ltr'>abiudicata</span> <span class='ocrx_word' id='word_1_139' title='bbox 845 2663 956 2745; x_wconf 92' lang='lat' dir='ltr'>atque</span> <span class='ocrx_word' id='word_1_140' title='bbox 986 2662 1149 2742; x_wconf 85' lang='lat' dir='ltr'>excepto</span> <span class='ocrx_word' id='word_1_141' title='bbox 1177 2646 1294 2745; x_wconf 90' lang='lat' dir='ltr'>primo</span> <span class='ocrx_word' id='word_1_142' title='bbox 1322 2643 1440 2742; x_wconf 91' lang='lat' dir='ltr'>Sulpi·</span> 
     </span>
     <span class='ocr_line' id='line_1_21' title="bbox 144 2773 1441 2873; baseline -0.002 -25"><span class='ocrx_word' id='word_1_143' title='bbox 144 2774 223 2848; x_wconf 91' lang='lat' dir='ltr'>ciae</span> <span class='ocrx_word' id='word_1_144' title='bbox 236 2773 419 2847; x_wconf 84' lang='lat' dir='ltr'>adtributa</span> <span class='ocrx_word' id='word_1_145' title='bbox 430 2781 523 2849; x_wconf 78' lang='lat' dir='ltr'>‘sunt</span> <span class='ocrx_word' id='word_1_146' title='bbox 578 2776 707 2872; x_wconf 88' lang='lat' dir='ltr'>ltaque</span> <span class='ocrx_word' id='word_1_147' title='bbox 741 2776 851 2850; x_wconf 90' lang='lat' dir='ltr'>etiam</span> <span class='ocrx_word' id='word_1_148' title='bbox 885 2774 1181 2873; x_wconf 83' lang='lat' dir='ltr'>investigandum</span> <span class='ocrx_word' id='word_1_149' title='bbox 1210 2791 1269 2847; x_wconf 93' lang='lat' dir='ltr'>est</span> <span class='ocrx_word' id='word_1_150' title='bbox 1296 2799 1378 2846; x_wconf 93' lang='lat' dir='ltr'>num</span> <span class='ocrx_word' id='word_1_151' title='bbox 1407 2774 1441 2846; x_wconf 91' lang='lat' dir='ltr'>in</span> 
     </span>
     <span class='ocr_line' id='line_1_22' title="bbox 146 2899 1440 3009; baseline -0.001 -33"><span class='ocrx_word' id='word_1_152' title='bbox 146 2900 275 3001; x_wconf 86' lang='lat' dir='ltr'>elegiis</span> <span class='ocrx_word' id='word_1_153' title='bbox 304 2899 436 2976; x_wconf 93' lang='lat' dir='ltr'>Tibulli</span> <span class='ocrx_word' id='word_1_154' title='bbox 471 2904 654 3009; x_wconf 78' lang='lat' dir='ltr'>Lygdami</span> <span class='ocrx_word' id='word_1_155' title='bbox 682 2903 943 3001; x_wconf 90' lang='lat' dir='ltr'>Sulpiciaeque</span> <span class='ocrx_word' id='word_1_156' title='bbox 982 2904 1148 2976; x_wconf 88' lang='lat' dir='ltr'>diversus</span> <span class='ocrx_word' id='word_1_157' title='bbox 1182 2903 1228 2975; x_wconf 92' lang='lat' dir='ltr'>sit</span> <span class='ocrx_word' id='word_1_158' title='bbox 1255 2929 1341 2975; x_wconf 91' lang='lat' dir='ltr'>usus</span> <span class='ocrx_word' id='word_1_159' title='bbox 1369 2918 1440 2975; x_wconf 91' lang='lat' dir='ltr'>tro-</span> 
     </span>
     <span class='ocr_line' id='line_1_23' title="bbox 144 3029 582 3128; baseline 0.005 -24"><span class='ocrx_word' id='word_1_160' title='bbox 144 3055 278 3128; x_wconf 91' lang='lat' dir='ltr'>porum</span> <span class='ocrx_word' id='word_1_161' title='bbox 307 3047 347 3103; x_wconf 91' lang='lat' dir='ltr'>et</span> <span class='ocrx_word' id='word_1_162' title='bbox 374 3029 582 3127; x_wconf 85' lang='lat' dir='ltr'>figurarum.</span> 
     </span>
    </p>

    <p class='ocr_par' dir='ltr' id='par_1_5' title="bbox 99 3157 1440 3641">
     <span class='ocr_line' id='line_1_24' title="bbox 252 3157 1440 3256; baseline 0 -24"><span class='ocrx_word' id='word_1_163' title='bbox 252 3160 364 3233; x_wconf 90' lang='lat' dir='ltr'>Haud</span> <span class='ocrx_word' id='word_1_164' title='bbox 377 3160 428 3233; x_wconf 87' lang='lat' dir='ltr'>ita</span> <span class='ocrx_word' id='word_1_165' title='bbox 446 3157 558 3233; x_wconf 92' lang='lat' dir='ltr'>multo</span> <span class='ocrx_word' id='word_1_166' title='bbox 578 3177 667 3256; x_wconf 92' lang='lat' dir='ltr'>post</span> <span class='ocrx_word' id='word_1_167' title='bbox 681 3161 937 3235; x_wconf 89' lang='lat' dir='ltr'>Lachmannus</span> <span class='ocrx_word' id='word_1_168' title='bbox 958 3162 1055 3251; x_wconf 77' lang='lat'>1829</span> <span class='ocrx_word' id='word_1_169' title='bbox 1072 3159 1225 3256; x_wconf 90' lang='lat' dir='ltr'>primam</span> <span class='ocrx_word' id='word_1_170' title='bbox 1242 3159 1440 3232; x_wconf 92' lang='lat' dir='ltr'>editionem</span> 
     </span>
     <span class='ocr_line' id='line_1_25' title="bbox 99 3287 1440 3385; baseline -0.001 -25"><span class='ocrx_word' id='word_1_171' title='bbox 99 3292 104 3301; x_wconf 82' lang='lat'><strong><em>&#39;</em></strong></span> <span class='ocrx_word' id='word_1_172' title='bbox 146 3287 270 3361; x_wconf 89' lang='lat' dir='ltr'>critico</span> <span class='ocrx_word' id='word_1_173' title='bbox 299 3304 482 3384; x_wconf 84' lang='lat' dir='ltr'>apparatu</span> <span class='ocrx_word' id='word_1_174' title='bbox 521 3289 687 3362; x_wconf 88' lang='lat' dir='ltr'>instruxit</span> <span class='ocrx_word' id='word_1_175' title='bbox 712 3289 748 3361; x_wconf 93' lang='lat' dir='ltr'>in</span> <span class='ocrx_word' id='word_1_176' title='bbox 775 3288 818 3361; x_wconf 91' lang='lat' dir='ltr'>iis</span> <span class='ocrx_word' id='word_1_177' title='bbox 851 3288 1022 3361; x_wconf 91' lang='lat' dir='ltr'>subsidiis</span> <span class='ocrx_word' id='word_1_178' title='bbox 1058 3287 1160 3361; x_wconf 89' lang='lat' dir='ltr'>nixus</span> <span class='ocrx_word' id='word_1_179' title='bbox 1194 3313 1291 3385; x_wconf 90' lang='lat' dir='ltr'>quae</span> <span class='ocrx_word' id='word_1_180' title='bbox 1329 3313 1440 3383; x_wconf 91' lang='lat' dir='ltr'>supra</span> 
     </span>
     <span class='ocr_line' id='line_1_26' title="bbox 146 3414 1439 3515; baseline -0.001 -27"><span class='ocrx_word' id='word_1_181' title='bbox 146 3417 521 3488; x_wconf 89' lang='lat' dir='ltr'>commemoravimus.</span> <span class='ocrx_word' id='word_1_182' title='bbox 576 3416 824 3490; x_wconf 91' lang='lat' dir='ltr'>Recentiores</span> <span class='ocrx_word' id='word_1_183' title='bbox 851 3417 1068 3515; x_wconf 91' lang='lat' dir='ltr'>plerumque</span> <span class='ocrx_word' id='word_1_184' title='bbox 1097 3432 1149 3488; x_wconf 90' lang='lat' dir='ltr'>ut·</span> <span class='ocrx_word' id='word_1_185' title='bbox 1167 3414 1350 3489; x_wconf 88' lang='lat' dir='ltr'>Dissenus</span> <span class='ocrx_word' id='word_1_186' title='bbox 1392 3417 1439 3489; x_wconf 90' lang='lat' dir='ltr'>ab</span> 
     </span>
     <span class='ocr_line' id='line_1_27' title="bbox 146 3522 1438 3641; baseline 0 -25"><span class='ocrx_word' id='word_1_187' title='bbox 146 3543 216 3617; x_wconf 90' lang='lat' dir='ltr'>hac</span> <span class='ocrx_word' id='word_1_188' title='bbox 243 3522 407 3618; x_wconf 88' lang='lat' dir='ltr'>editione</span> <span class='ocrx_word' id='word_1_189' title='bbox 427 3544 651 3641; x_wconf 84' lang='lat' dir='ltr'>pendebant,</span> <span class='ocrx_word' id='word_1_190' title='bbox 669 3545 791 3618; x_wconf 91' lang='lat' dir='ltr'>donec</span> <span class='ocrx_word' id='word_1_191' title='bbox 812 3545 1117 3620; x_wconf 89' lang='lat' dir='ltr'>Baehrensius</span> <span class='ocrx_word' id='word_1_192' title='bbox 1146 3569 1245 3617; x_wconf 90' lang='lat' dir='ltr'>nova</span> <span class='ocrx_word' id='word_1_193' title='bbox 1263 3543 1438 3632; x_wconf 85' lang='lat' dir='ltr'>subsidia,</span> 
     </span>
    </p>
   </div>
   <div class='ocr_carea' id='block_1_4' title="bbox 148 3670 1439 3876">
    <p class='ocr_par' dir='ltr' id='par_1_6' title="bbox 148 3670 1439 3876">
     <span class='ocr_line' id='line_1_28' title="bbox 148 3670 1439 3769; baseline -0.001 -23"><span class='ocrx_word' id='word_1_194' title='bbox 148 3670 477 3768; x_wconf 78' lang='lat' dir='ltr'>Guelferbytanum</span> <span class='ocrx_word' id='word_1_195' title='bbox 514 3673 597 3746; x_wconf 92' lang='lat' dir='ltr'>dico</span> <span class='ocrx_word' id='word_1_196' title='bbox 639 3674 820 3759; x_wconf 84' lang='lat' dir='ltr'>codicem,</span> <span class='ocrx_word' id='word_1_197' title='bbox 867 3674 1003 3747; x_wconf 88' lang='lat' dir='ltr'>invenit</span> <span class='ocrx_word' id='word_1_198' title='bbox 1049 3674 1166 3769; x_wconf 89' lang='lat' dir='ltr'>iisque</span> <span class='ocrx_word' id='word_1_199' title='bbox 1202 3673 1237 3745; x_wconf 93' lang='lat' dir='ltr'>in</span> <span class='ocrx_word' id='word_1_200' title='bbox 1278 3671 1439 3745; x_wconf 92' lang='lat' dir='ltr'>editione</span> 
     </span>
     <span class='ocr_line' id='line_1_29' title="bbox 149 3799 493 3876; baseline 0.012 -5"><span class='ocrx_word' id='word_1_201' title='bbox 149 3799 280 3874; x_wconf 91' lang='lat' dir='ltr'>Tibulli</span> <span class='ocrx_word' id='word_1_202' title='bbox 308 3827 394 3874; x_wconf 90' lang='lat' dir='ltr'>usus</span> <span class='ocrx_word' id='word_1_203' title='bbox 423 3818 493 3876; x_wconf 90' lang='lat' dir='ltr'>est.</span> 
     </span>
    </p>
   </div>
   <div class='ocr_carea' id='block_1_5' title="bbox 149 3927 1440 4155">
    <p class='ocr_par' dir='ltr' id='par_1_7' title="bbox 149 3927 1440 4155">
     <span class='ocr_line' id='line_1_30' title="bbox 255 3927 1440 4026; baseline -0.001 -25"><span class='ocrx_word' id='word_1_204' title='bbox 255 3929 332 4002; x_wconf 89' lang='lat' dir='ltr'>Sed</span> <span class='ocrx_word' id='word_1_205' title='bbox 360 3931 453 4003; x_wconf 89' lang='lat' dir='ltr'>haec</span> <span class='ocrx_word' id='word_1_206' title='bbox 480 3930 674 4004; x_wconf 81' lang='lat' dir='ltr'>hactenus</span> <span class='ocrx_word' id='word_1_207' title='bbox 723 3928 786 4002; x_wconf 86' lang='lat' dir='ltr'>Ad</span> <span class='ocrx_word' id='word_1_208' title='bbox 815 3955 891 4003; x_wconf 88' lang='lat' dir='ltr'>rem</span> <span class='ocrx_word' id='word_1_209' title='bbox 910 3929 1142 4026; x_wconf 90' lang='lat' dir='ltr'>propositam</span> <span class='ocrx_word' id='word_1_210' title='bbox 1160 3929 1341 4004; x_wconf 88' lang='lat' dir='ltr'>transiens</span> <span class='ocrx_word' id='word_1_211' title='bbox 1370 3927 1440 4024; x_wconf 95' lang='lat' dir='ltr'>pri-</span> 
     </span>
     <span class='ocr_line' id='line_1_31' title="bbox 149 4027 1432 4155; baseline 0.002 -27"><span class='ocrx_word' id='word_1_212' title='bbox 149 4055 204 4129; x_wconf 91' lang='lat' dir='ltr'>ori</span> <span class='ocrx_word' id='word_1_213' title='bbox 231 4055 266 4128; x_wconf 95' lang='lat' dir='ltr'>in</span> <span class='ocrx_word' id='word_1_214' title='bbox 294 4074 400 4154; x_wconf 88' lang='lat' dir='ltr'>parte</span> <span class='ocrx_word' id='word_1_215' title='bbox 428 4059 476 4132; x_wconf 91' lang='lat' dir='ltr'>de</span> <span class='ocrx_word' id='word_1_216' title='bbox 506 4058 634 4154; x_wconf 79' lang='lat' dir='ltr'>tropis</span> <span class='ocrx_word' id='word_1_217' title='bbox 661 4057 698 4131; x_wconf 95' lang='lat' dir='ltr'>in</span> <span class='ocrx_word' id='word_1_218' title='bbox 724 4059 934 4154; x_wconf 91' lang='lat' dir='ltr'>posteriore</span> <span class='ocrx_word' id='word_1_219' title='bbox 962 4058 1011 4130; x_wconf 89' lang='lat' dir='ltr'>de</span> <span class='ocrx_word' id='word_1_220' title='bbox 1040 4059 1165 4153; x_wconf 83' lang='lat' dir='ltr'>figuris</span> <span class='ocrx_word' id='word_1_221' title='bbox 1193 4083 1313 4155; x_wconf 87' lang='lat' dir='ltr'>agam.</span> <span class='ocrx_word' id='word_1_222' title='bbox 1425 4027 1432 4051; x_wconf 60' lang='grc'>’</span> 
     </span>
    </p>
   </div>
   <div class='ocr_carea' id='block_1_6' title="bbox 0 0 1548 4980">
    <p class='ocr_par' dir='ltr' id='par_1_8' title="bbox 0 0 1548 4980">
     <span class='ocr_line' id='line_1_32' title="bbox 0 0 1548 4980; baseline 0 0"><span class='ocrx_word' id='word_1_223' title='bbox 0 0 1548 4980; x_wconf 95' lang='lat' dir='ltr'> </span> 
     </span>
    </p>
   </div>
  </div>
 </body>
</html>
