3074 4980
687 215 899 311 4)...-

147 430 300 504 eluceat.
343 431 476 525 Neque
493 429 587 500 enim
613 426 777 533 vulgaris
804 453 890 499 esse
915 451 1035 523 neque
1060 424 1200 509 humilis
1229 452 1299 498 nec
1322 427 1439 498 insua-

146 561 199 632 vis
243 577 345 632 recte
388 559 504 630 modo
536 556 651 629 ascita
685 573 824 653 potest.
889 555 1045 651 Copiam
1080 580 1229 650 quoque
1267 555 1445 626 sermonis

51 738 54 743 -
148 703 264 783 auget
291 687 536 784 permutando
560 702 622 756 aut
645 684 857 768 mutuando
886 708 983 778 quae
1013 708 1084 754 non
1112 683 1238 770 habet,
1269 684 1445 778 quodque

150 813 394 888 difficillimum
424 831 493 902 est,
523 828 699 909 praestat,
728 837 774 884 ne
803 810 862 883 ulli
883 813 935 884 rei
956 837 1089 884 nomen
1111 813 1246 884 deesse
1266 811 1444 895 videatur.

149 943 384 1017 Transfertur
423 967 515 1040 ergo
559 966 693 1013 nomen
732 922 794 1012 aut
830 941 981 1012 verbum
1009 966 1056 1012 ex
1089 965 1136 1012 eo
1174 936 1262 1012 loco
1302 941 1335 1010 in
1372 964 1445 1034 quo

148 1073 334 1170 proprium
365 1088 422 1144 est
450 1071 485 1142 in
514 1095 596 1142 eurn
626 1068 661 1142 in
692 1093 765 1163 quo
797 1084 859 1140 aut
885 1068 1070 1164 propriurn
1101 1070 1209 1140 deest
1238 1084 1298 1139 aut
1329 1083 1443 1140 trans-

147 1200 260 1274 latum
289 1200 440 1296 proprio
470 1196 599 1270 melius
629 1214 699 1270 est.
745 1196 786 1267 ld
814 1196 963 1268 facimus
992 1212 1053 1268 aut
1082 1197 1167 1290 quia
1186 1222 1345 1269 necesse
1373 1215 1444 1283 est,

23 1311 41 1390 s
148 1344 211 1402 aut
239 1329 323 1424 quia
350 1327 613 1422 significantius
644 1343 701 1397 est
721 1336 783 1409 aut
802 1325 887 1420 quia
906 1324 1107 1396 decentius.
1150 1323 1291 1417 Quibus
1319 1326 1445 1398 verbis

147 1453 357 1550 Quintiliani
377 1481 487 1551 quum
510 1455 650 1526 addere
672 1451 808 1548 aliquid
829 1453 889 1525 vix
912 1453 1109 1548 possimus
1140 1454 1189 1527 ad
1208 1454 1308 1547 ipsas
1329 1470 1445 1526 trans·

146 1582 302 1657 lationes
342 1566 434 1679 quas
462 1582 621 1678 praebet
649 1579 813 1653 Tibullus
843 1581 1045 1653 transimus,

486 1879 530 1952 A.
571 1859 868 1952 Translationes
893 1882 1112 1953 verborum.
1163 1971 1165 1974 Ι

255 2094 338 2167 Hae
366 2089 625 2165 translationes
653 2095 701 2165 ad
730 2109 787 2166 tot
815 2095 930 2166 verba
957 2093 1142 2189 pertinent
1169 2112 1208 2166 ut
1242 2095 1444 2192 generibus

70 2227 73 2231 ’
149 2248 214 2296 eas
242 2220 409 2293 illustrari
436 2221 494 2291 vix
513 2221 710 2315 possimus,
755 2220 877 2313 Quam
898 2222 947 2292 ob
962 2246 1038 2293 rem
1060 2221 1227 2294 ordinem
1248 2248 1445 2318 sequemur

148 2351 181 2423 in
210 2348 336 2422 literas
367 2349 562 2445 digestum.

254 2477 504 2550 Abscondere
533 2496 706 2567 4„1‚1>54:
751 2476 877 2548 Densa
903 2474 1009 2548 tellus
1043 2457 1281 2549 absconditur
1315 2479 1444 2550 umbra

146 2607 167 2680 i.
197 2632 229 2679 e.
261 2605 457 2701 obtegitur.
488 2646 538 2657 --
567 2603 775 2699 Accingere
805 2622 984 2695 4‚1,179:
1027 2603 1099 2695 Qui
1132 2604 1269 2706 possit⁴
1296 2607 1440 2702 magnis

149 2759 191 2805 se
218 2732 416 2827 accingere
437 2732 556 2804 rebus.
616 2728 765 2826 Valgius
785 2747 900 2826 poeta
926 2732 1067 2829 magnis
1096 2732 1207 2804 rebus
1227 2759 1267 2805 se
1288 2733 1447 2830 accingit

150 2878 189 2933 ut
228 2858 333 2932 miles
376 2886 477 2932 ense.
544 2859 766 2954 Succingere
812 2861 955 2951 3489:
1004 2838 1202 2955 Scyllaque
1245 2861 1447 2956 virgineam

150 2988 300 3060 canibus
343 2987 526 3058 succincta
559 2986 720 3093 ¹figuram
759 2986 780 3058 i.
825 3012 858 3058 e.
904 2987 1142 3061 circumdata.
1184 3034 1235 3044 -
1279 2988 1446 3086 Asfigere

159 3119 305 3208 1‚3‚87:
351 3113 404 3186 At
430 3115 528 3186 circa
555 3114 726 3208 gravibus
756 3106 881 3209 pensis
911 3114 1021 3187 affixa
1048 3113 1171 3210 puella
1199 3117 1218 3187 i.
1246 3143 1279 3190 e.
1319 3116 1447 3190 labore

152 3244 345 3316 detinetur.
396 3250 545 3330 1,6‚61.
587 3286 639 3295 —
680 3238 869 3313 advolare
912 3261 1076 3332 2‚2‚17:
1130 3243 1249 3316 Viden
1287 3262 1323 3316 ut
1356 3264 1447 3318 stre·

126 3370 347 3467 ⁸pitantibus
386 3371 537 3441 advolet
574 3367 743 3442 alis....
781 3396 855 3443 non
883 3366 981 3458 avis,
1019 3373 1087 3443 sed
1116 3371 1245 3445 Amor.
1304 3373 1444 3446 Afflare

157 3502 301 3587 2,1‚8o:
341 3498 408 3570 Cui
444 3495 610 3592 placidus
644 3499 775 3571 leniter
810 3499 909 3572 asflat
942 3504 1066 3571 Amor.
1109 3519 1234 3592 2‚4‚57
1270 3501 1368 3571 idem
1397 3501 1445 3573 de

152 3626 301 3699 Venere
332 3625 471 3698 dicitur.
522 3624 852 3718 Volitare1„5‚51:
889 3627 996 3699 Hanc
1027 3626 1179 3700 volitent
1207 3629 1349 3700 animae
1382 3629 1445 3701 cir-

152 3778 234 3826 cum
261 3780 328 3826 sua
355 3753 431 3826 sata
458 3770 668 3848 querentes,
708 3754 1095 3852 2‚5‚39,-Agitare
1128 3778 1277 3848 3‚4‚59:
1322 3758 1448 3829 Diver-

153 3907 289 3976 sasque
318 3908 404 3954 suas
433 3881 550 3976 agitat
569 3906 669 3953 mens
690 3881 800 3977 impia
828 3908 946 3954 curas.
999 3882 1156 3977 Agitare
1184 3885 1333 3981 proprie
1363 3887 1449 3957 dici-

152 4026 209 4082 tur
229 4010 276 4081 de
298 4010 383 4082 feris
402 4009 614 4082 excitandis,
643 4015 693 4062 -ἓ
723 4009 903 4105 Aspirare
928 4032 1065 4102 2,1‚35:
1097 4012 1177 4084 Huc
1198 4013 1290 4085 ades
1311 4015 1447 4109 aspira-

65 4203 71 4214 ,
155 4165 226 4233 que
255 4137 340 4209 mihi
368 4138 389 4212 i.
409 4164 439 4211 e.
473 4137 605 4208 adiuva
633 4164 703 4211 me.
739 4156 876 4230 2‚3‚71.
917 4137 1112 4233 Suspirare
1141 4146 1274 4234 1‚6,35.
1304 4167 1449 4234 4,5,11:

153 4267 322 4362 Suspirat
341 4290 487 4337 arnores
507 4265 525 4335 i.
546 4291 577 4336 e.
598 4266 797 4338 desiderat.
822 4311 870 4318 -
895 4267 1079 4363 Augurari
1103 4292 1192 4355 2,2‚1
1210 4294 1244 4340 1:
1274 4270 1449 4367 Auguror

86 4392 94 4412 ‘
152 4395 226 4476 ie.
257 4394 397 4498 opinor,
427 4393 548 4470 uxoris
576 4392 671 4469 fidos
701 4394 850 4495 optabis
880 4419 1038 4473 autores.
1069 4440 1120 4453 —-
1149 4395 1280 4474 Bibere
1305 4422 1446 4497 2,1,43:
1487 4493 1492 4504 .
